2856 4906
466 1167 514 1235 lte
536 1168 628 1235 fonte
652 1166 797 1235 codicum
822 1168 1034 1234 deteriorum.

304 1356 370 1421 Hos
394 1355 522 1421 codices
545 1375 656 1419 omnes
678 1357 838 1438 pertinere
861 1355 902 1420 ad
928 1357 1143 1421 recensionem
1168 1355 1305 1421 deterio

205 1485 270 1528 rem
300 1466 401 1548 primo
432 1464 542 1529 obtutu
566 1464 670 1529 clucet
698 1484 800 1547 neque
828 1485 909 1545 opus
942 1473 990 1529 est
1020 1466 1124 1529 fusius
1152 1465 1304 1548 probare.

204 1574 301 1655 Atqui
326 1554 472 1638 videmus
501 1593 564 1637 non
585 1594 656 1638 raro
685 1574 783 1638 libros
807 1594 916 1638 omnes
948 1594 1122 1657 congruere
1153 1595 1224 1639 curn
1248 1575 1304 1638 Pi·

133 1708 140 1717 ·
203 1682 340 1748 thoeano
367 1680 488 1763 locis1),
522 1682 731 1764 quibuscum
756 1682 917 1747 hominum
945 1683 1201 1747 doctissimorum
1225 1704 1304 1748 con-

204 1812 300 1858 sensu
315 1792 410 1860 lectio
426 1791 546 1855 tradita
561 1790 730 1856 damnetur·
752 1799 807 1856 aut
823 1793 941 1857 servari
967 1812 1029 1856 non
1048 1795 1158 1874 possit,
1181 1799 1302 1856 utram·

204 1921 266 1984 que
290 1900 508 1966 recensionem
532 1901 700 1965 concinere
724 1900 836 1965 mirum
860 1908 923 1966 est:

306 2010 346 2090 II,
368 2011 408 2072 92
441 2014 564 2090 cotatoa
592 2008 630 2091 (0.
653 2010 792 2091 cocyton)
829 2011 887 2074 106
915 2011 1096 2092 bebriacits)
1182 2012 1236 2088 IV,
1262 2012 1303 2074 13

202 2119 342 2200 serioque
364 2121 403 2182 25
425 2138 573 2200 squamae
594 2120 634 2181 43
657 2121 809 2199 torpeatis
873 2120 924 2202 VI,
949 2122 1008 2184 126
1028 2142 1088 2184 om.
1112 2120 1183 2200 (167
1203 2143 1302 2186 acma-

202 2227 319 2309 010000)
350 2229 407 2291 172
430 2228 547 2308 depone
569 2229 629 2291 527
661 2229 839 2310 calidasqae
861 2232 922 2292 533
951 2230 1091 2312 iaaiaera
1114 2231 1175 2294 554
1196 2232 1304 2312 focata

204 2340 265 2401 056
287 2337 504 2402 aliieoacstram
534 2336 618 2420 (clai.
641 2338 679 2415 P)
765 2339 833 2417 VII,
860 2340 917 2402 136
940 2339 1064 2421 toaailli
1086 2338 1137 2420 (a
1161 2340 1199 2415 P)
1223 2339 1299 2421 (151

203 2446 283 2527 cara)
308 2447 367 2510 177
389 2447 535 2511 scindaris
557 2448 617 2510 235
640 2447 813 2512 archemori
898 2448 983 2530 VIII,
1006 2450 1046 2511 62
1068 2450 1229 2514 acrithes.
1251 2470 1300 2514 cc-

202 2556 290 2637 rytdoe
312 2555 427 2638 (000000
450 2556 488 2634 P)
512 2556 552 2618 68
570 2557 708 2637 primam
733 2557 791 2620 148
819 2557 916 2620 analio
937 2557 1115 2636 saffiamiac
1135 2561 1195 2622 223
1223 2561 1302 2641 qaid

204 2667 265 2729 229
288 2667 320 2729 10
344 2665 491 2730 omnibus
515 2664 606 2729 codd.
630 2671 796 2748 corruptus
876 2666 945 2746 (IX,
972 2667 1030 2730 100
1052 2667 1214 2748 librariae)
1258 2669 1300 2750 X,

201 2776 242 2837 54
264 2780 318 2839 aai
345 2775 526 2858 perniciosa
593 2775 652 2837 170
684 2795 782 2856 aynae
815 2795 838 2840 0.
869 2777 959 2857 niara
997 2777 1056 2839 180
1079 2777 1202 2841 choram
1236 2781 1300 2843 350

201 2883 352 2965 laborem)
438 2883 495 2964 XI,
527 2884 566 2946 55
601 2883 795 2965 afflictantem
828 2885 887 2963 (Μ)
973 2885 1065 2963 XIII,
1097 2887 1155 2950 107
1185 2887 1299 2968 comfir-

161 3004 165 3014 '
199 2998 287 3056 maai
316 2992 377 3055 208
405 3012 500 3056 saeaa
585 2992 671 3072 XIV,
693 2994 734 3055 45
763 2993 822 3057 aaa
852 2996 900 3072 (ac
920 2993 958 3076 P)
988 2994 1049 3056 220
1079 2997 1300 3077 conduplicari

200 3101 268 3178 XV,
294 3103 311 3164 7
334 3101 489 3166 caeraieos
511 3103 664 3180 (aaralcos
686 3103 724 3180 P)
754 3105 794 3167 64
815 3104 966 3168 seditione
1049 3104 1132 3186 XVI,
1158 3107 1198 3168 24
1222 3107 1299 3172 cali-

199 3216 293 3294 aatas
310 3213 350 3275 56
372 3210 468 3276 labor.

301 3319 394 3385 Certe
417 3322 655 3386 concedendum
684 3329 732 3387 est
754 3344 902 3405 magnam
928 3331 1049 3407 portem
1077 3324 1188 3389 horum
1212 3325 1297 3390 ioco-

201 3450 271 3494 rum
286 3429 351 3493 iarn
367 3431 399 3493 in
416 3430 592 3513 archetypo
615 3431 771 3497 exsistere
787 3433 940 3516 potuisse,
966 3433 1050 3498 unde
1072 3434 1143 3499 etP
1165 3441 1197 3498 et
1220 3434 1296 3500 libri

200 3538 374 3603 deteriores
397 3537 557 3604 duxerint.
601 3539 665 3604 Sed
688 3539 749 3604 hoc
776 3560 839 3604 non
872 3542 990 3623 ubique
1018 3544 1188 3607 convenire
1210 3546 1297 3608 evin-

200 3648 282 3712 citur
303 3667 351 3721 eo,
375 3647 461 3729 quod
485 3649 615 3731 saepius
637 3670 750 3713 manus
774 3651 875 3715 altera
897 3659 927 3715 et
948 3651 1127 3735 Pithoeani,
1150 3672 1232 3734 quae
1255 3674 1298 3718 ex

199 3755 384 3820 membrana
406 3758 518 3823 classis
536 3759 749 3841 interpolatae
773 3762 918 3839 counexit,
943 3767 975 3825 et
990 3762 1185 3842 reliquorum
1209 3761 1296 3826 codi-

198 3885 269 3930 cum
293 3865 462 3931 lectionem
483 3887 592 3932 veram
614 3868 775 3945 exhibent,
800 3876 834 3933 ut
857 3870 909 3948 VI,
927 3870 987 3933 527
1010 3890 1031 3952 p
1055 3877 1138 3935 recte
1161 3872 1297 3953 praebet

298 4115 450 4184 miricae
469 4117 527 4171 0010
546 4137 629 4171 manu
650 4118 739 4186 primu
758 4118 866 4186 loquor.

297 4213 324 4283 2)
343 4213 388 4266 vd.
408 4213 491 4267 infra.
