2856 4906
702 388 737 445 68

170 556 306 644 piamur,
328 556 385 624 ubi
407 579 532 624 summa
553 560 701 624 cautione
724 579 805 643 opus
828 566 886 641 est,
909 580 949 624 ne
972 579 1140 644 perperam
1162 580 1271 645 gram-

171 669 289 734 matico
314 668 492 733 tribuamus
519 668 604 749 quod
628 668 752 733 librarii
785 675 848 748 est,
881 689 954 733 nam
978 670 1105 734 scribac
1131 691 1272 755 qnoque,

170 779 236 860 qui,
258 785 292 843 ut
314 778 422 842 verbis
445 777 635 860 Hieronymi
659 784 739 851 utar,
771 779 924 855 ,scribunt
949 798 1012 843 non
1035 779 1122 860 quod
1145 780 1273 845 inveni-

170 895 236 963 unt,
260 887 318 953 sed
333 887 419 970 quod
434 887 635 969 intellegunt,
658 894 690 952 ct
711 887 787 952 dum
810 889 934 953 alienos
956 908 1080 954 errores
1096 889 1273 955 emendare

170 999 322 1077 nituntur,
345 996 518 1062 ostendunt
535 994 632 1079 auos‘,
655 1016 718 1061 non
741 1017 813 1062 raro
836 997 901 1079 ipsi
924 999 1117 1063 mutationes
1141 998 1272 1065 invexe-

171 1114 252 1172 runt.
289 1106 545 1171 Praetermittam
567 1105 628 1171 hoc
650 1106 721 1171 Ioco
739 1106 856 1171 calami
878 1107 997 1172 menda
1010 1109 1271 1192 mutationesque

171 1236 234 1281 non
256 1216 366 1299 magni
387 1217 547 1299 momenti,
578 1222 614 1280 ut
628 1222 815 1299 temporum
839 1215 1069 1298 modorumque
1091 1224 1148 1282 aut
1169 1219 1272 1283 verba

170 1325 376 1408 transposita,
399 1325 565 1407 graviores
586 1331 710 1390 tantum
731 1325 968 1408 discrepantias
990 1327 1124 1409 attingo.

270 1434 468 1513 Lectionum,
491 1454 574 1516 quae
598 1436 630 1498 in
647 1456 712 1500 una
735 1441 859 1500 tantum
881 1454 922 1499 ex
938 1436 1056 1500 nostris
1072 1437 1270 1502 membranis

169 1542 346 1622 traduntur,
382 1544 498 1608 Nicaei
525 1564 596 1609 esse
623 1552 700 1628 puto
727 1544 883 1628 plurimas
913 1565 1038 1625 earum,
1072 1566 1156 1627 quae
1186 1553 1269 1612 teste

169 1652 284 1719 Iahnio
313 1654 410 1718 etiam
438 1654 471 1718 in
504 1655 577 1719 aliis
605 1654 697 1719 libris
719 1651 916 1737 leguntur1):
948 1655 991 1736 II,
1014 1655 1053 1718 57
1076 1655 1190 1719 cortice
1213 1656 1268 1738 IV,

169 1763 210 1826 98
231 1763 396 1844 pipcutuue
419 1762 456 1835 V,
478 1764 516 1826 41
540 1755 656 1828 amicos
677 1763 731 1841 VI,
753 1765 814 1827 401
836 1764 1013 1858 strictisque
1035 1764 1096 1828 658
1117 1764 1175 1828 sub
1197 1785 1270 1830 aere

170 1871 241 1954 VII,
265 1873 304 1935 60
331 1891 425 1935 saeuo
452 1871 493 1950 X,
527 1872 567 1934 70
593 1871 723 1936 iudiciis
752 1872 812 1934 153
839 1872 965 1936 dictauit
996 1872 1055 1936 198
1083 1873 1174 1938 labra
1205 1874 1266 1938 341

169 2000 261 2044 cures
283 1979 357 2061 XII,
375 1982 395 2044 3
417 1980 574 2045 caedimus
595 1979 666 2058 XV,
689 1981 728 2044 61
752 1980 897 2062 Sauoque
919 1982 984 2045 ium
1008 1983 1066 2046 106
1088 1989 1267 2049 umcautur.

269 2090 403 2154 Restant
426 2091 458 2155 in
478 2090 504 2152 L
528 2089 610 2174 (sive
634 2088 674 2168 li:
704 2093 729 2163 Ι,
748 2092 786 2156 18
806 2092 966 2173 iquoscerc
984 2091 1043 2172 III,
1059 2094 1121 2162 228
1143 2099 1269 2159 amator

169 2196 224 2279 IV,
254 2198 294 2261 64
321 2200 441 2263 excussi
469 2201 528 2263 137
556 2206 695 2265 ueutreui
726 2201 783 2265 141
805 2206 906 2282 pouto
935 2201 989 2276 VI,
1020 2202 1063 2264 44
1085 2204 1268 2284 periturum

170 2307 229 2370 198
251 2312 279 2370 et
301 2308 390 2372 dicus
411 2310 472 2373 365
494 2315 597 2390 repeto
620 2311 682 2374 408
699 2309 877 2392 fatuumque
899 2311 960 2374 413
976 2309 1032 2375 icoc
1046 2313 1108 2376 446
1127 2313 1268 2377 tuuicam

167 2416 230 2478 449
252 2421 388 2481 rotatum
408 2418 470 2482 455
492 2438 585 2484 sucro
607 2420 697 2501 VIII,
721 2421 780 2484 195
803 2420 874 2485 iiiuc
888 2419 926 2498 X,
945 2421 1004 2484 189
1026 2420 1111 2486 uitus
1132 2422 1265 2487 caelum-

168 2546 225 2606 que
247 2531 335 2590 tueus
358 2527 418 2591 198
440 2529 537 2593 uerbo
558 2531 735 2610 susceptu
758 2530 820 2594 359
844 2530 965 2594 dolores
987 2530 1061 2611 XII,
1077 2532 1118 2595 64
1139 2531 1267 2596 metiore

171 2636 229 2698 107
250 2637 369 2700 seruire
395 2637 481 2715 XIV,
505 2640 545 2702 73
572 2644 704 2721 tuucque
730 2639 898 2722 quibusque
923 2641 984 2703 229
1008 2639 1155 2721 fraudem
1177 2641 1265 2723 XVI,

171 2745 208 2806 10
230 2743 383 2824 offendere
404 2747 444 2809 38
466 2766 567 2812 sucro.
712 2726 714 2730 y
1207 2823 1210 2828 ,

268 2853 300 2917 in
321 2854 349 2917 A
372 2853 455 2934 (sive
476 2853 525 2938 a):
559 2856 614 2938 VI,
637 2858 699 2921 603
723 2857 828 2923 deluto
850 2858 922 2942 VII,
947 2861 965 2922 5
987 2879 1055 2923 curu
1079 2861 1137 2925 101
1168 2861 1266 2926 mutto

167 2963 257 3043 VIII,
278 2963 317 3026 89
340 2969 368 3027 et
390 2963 534 3027 miserere
561 2965 623 3028 246
655 2966 758 3030 iussus
781 2966 837 3046 IX,
859 2968 899 3029 47
928 2986 1062 3048 ceuuquc
1087 2970 1127 3033 82
1144 2970 1267 3051 perfide

162 3093 266 3138 cuore
281 3074 339 3137 148
359 3073 522 3155 fortuuouc
543 3081 674 3140 uocatur
698 3078 757 3141 150
779 3076 864 3141 uudo
879 3077 916 3157 X,
937 3079 995 3141 127
1018 3079 1083 3142 ium
1104 3079 1267 3143 miuoutur

161 3183 227 3270 Ι199
256 3184 431 3248 coustantio
451 3184 507 3265 XI,
537 3186 577 3248 93
606 3185 690 3249 scria
712 3185 773 3249 sibi
795 3185 871 3267 XII,
904 3187 944 3250 99
967 3186 1060 3250 orbus
1081 3186 1172 3269 XIII,
1205 3189 1266 3252 130

166 3297 195 3355 et
221 3293 339 3358 maiore
362 3294 422 3358 144
452 3294 538 3375 defer
572 3295 631 3358 164
661 3295 820 3360 oteiuouui
855 3295 914 3359 174
939 3295 1098 3378 mulipuue
1125 3297 1197 3378 XV,
1224 3299 1265 3362 25

163 3402 367 3481 produceret.
438 3420 445 3442 ‘

266 3513 298 3575 iu
322 3513 365 3576 H:
389 3513 443 3596 IV,
467 3515 505 3576 19
524 3513 632 3579 tabula
647 3514 684 3590 V,
708 3515 748 3578 37
770 3515 806 3579 iu
824 3515 985 3579 uotutibus
1000 3515 1053 3596 VI,
1073 3517 1131 3580 157
1155 3518 1267 3601 diqitis

166 3621 256 3695 XIII,
279 3623 319 3686 38
341 3622 490 3688 ueieebuut
512 3623 599 3703 XIV,
627 3626 686 3687 133
705 3623 814 3705 festiui
835 3624 906 3707 XV,
929 3625 1081 3690 24117013.

265 3732 298 3795 in
321 3732 394 3796 BV:
428 3733 481 3813 VI,
504 3735 563 3797 521
594 3734 718 3816 eupteot
744 3734 832 3813 VIII,
862 3736 921 3799 104
951 3735 1057 3800 multis
1086 3737 1172 3820 XIV,
1203 3740 1265 3803 244

265 4019 293 4086 1)
312 4018 372 4073 Hac
385 4019 415 4072 in
433 4036 463 4073 re
477 4037 645 4089 quamquam
664 4022 832 4076 mutationes
846 4022 958 4076 eaedem
974 4040 1008 4077 ex
1028 4022 1095 4078 vitio
1109 4024 1263 4078 communis

164 4112 249 4168 fontis
269 4120 347 4170 ortae
366 4134 423 4170 esee
441 4122 565 4186 possunt,
591 4118 676 4188 (quod
694 4119 826 4173 accidisse
851 4123 920 4187 puto
940 4119 961 4186 I,
980 4120 1014 4173 83
1033 4120 1143 4172 quimus
1160 4120 1208 4189 IV,
1228 4120 1263 4174 54

162 4228 195 4265 cu
213 4229 329 4282 aequore
347 4219 402 4269 toto
422 4219 461 4267 est
479 4217 513 4269 78
532 4232 646 4284 quorum
664 4216 708 4269 hic
727 4216 772 4284 VI,
791 4216 844 4269 238
863 4215 944 4269 discit
963 4217 1011 4285 al.)
1036 4221 1130 4271 tamen
1149 4218 1260 4288 longius

162 4310 295 4378 progredi
315 4329 397 4380 quam
417 4313 546 4366 cancellis
564 4311 646 4364 nimie
665 4312 748 4364 anxie
768 4312 891 4365 coerceri
910 4313 1004 4367 malui.
