2856 4906
697 340 730 400 at

167 516 249 585 Nam
273 518 382 604 plures
405 518 502 600 locos,
525 518 642 602 quibus
665 519 856 583 senteutiam
879 520 1032 601 fulcirem,
1057 540 1159 606 neque
1175 518 1263 607 apud

167 628 413 708 Claudianumll
446 648 550 711 neque
581 628 668 713 apud
700 630 780 694 alios
813 629 987 714 scriptores
1019 629 1113 698 huius
1146 630 1264 698 aetatis

166 738 319 818 inveni2).

266 849 349 930 Duo,
382 848 467 931 quod
496 848 602 913 adhue
624 849 771 929 sciamus,
802 847 931 914 codices
959 849 1073 915 Nicaei
1102 851 1262 935 subscrip·

165 959 285 1024 tionem
314 959 431 1038 lerunt,
465 958 700 1023 Laurentianus
728 965 759 1022 et
782 957 1017 1041 Lugdunensis.
1066 957 1206 1036 Quorum
1235 961 1263 1024 si

165 1049 425 1134 lectiones'inter
455 1088 491 1132 se
514 1067 719 1148 conferimus,
750 1068 800 1132 vel
822 1069 854 1132 in
877 1087 949 1133 mea
971 1069 1153 1149 collatione,
1178 1089 1263 1151 quae

164 1198 228 1242 non
254 1196 364 1243 omnes
393 1178 545 1242 lectiones
572 1177 647 1242 libri
669 1177 697 1240 R
719 1177 882 1260 praebeat,
916 1196 1073 1261 persaepe
1096 1177 1168 1242 illos
1199 1178 1262 1243 dis·

165 1287 318 1362 sentireu
341 1286 506 1352 videmus:

169 1458 366 1471 ...ρ-.-

270 1555 294 1619 1)
313 1554 392 1608 Aliae
411 1553 619 1608 similitudines:
648 1553 681 1618 X,
701 1554 754 1607 903
773 1557 845 1607 necte
864 1568 979 1606 corouas
1003 1552 1052 1606 cfr.
1072 1552 1130 1608 luv.
1150 1553 1197 1624 VI,
1216 1556 1266 1626 51;

165 1651 266 1718 XVIII,
286 1652 321 1705 60
336 1655 527 1720 permutatque
550 1650 639 1703 1101103
658 1671 691 1694 --
712 1649 768 1703 luv.
789 1649 835 1717 VI,
854 1649 918 1716 2253
948 1648 1023 1717 VIII,
1043 1650 1266 1720 3141011000-

166 1763 295 1816 preerunt
319 1747 370 1801 cfr.
390 1746 450 1801 luv.
470 1747 503 1815 X,
525 1748 572 1815 933
602 1745 662 1814 VII,
681 1747 698 1799 3
722 1745 832 1799 imitata
853 1745 967 1814 pubium
991 1745 1039 1799 cfr.
1065 1745 1264 1818 101.Χ,999;

164 1845 200 1898 de
219 1846 292 1912 rapt.
316 1843 392 1898 Pras.
412 1844 432 1906 l,
453 1844 504 1897 147
533 1844 663 1913 opposuit
688 1848 789 1896 uaturu
810 1865 843 1887 =
868 1841 926 1896 luv,
946 1841 979 1907 X,
999 1843 1063 1910 1523
1091 1860 1175 1897 carru.
1200 1844 1266 1898 min.

165 1940 231 1993 VIII
257 1939 403 2006 (LXXVI),
425 1941 438 1992 1
464 1941 575 2009 pertitus
595 1956 748 2009 capnoscere
775 1961 808 1985 =
833 1939 893 1992 Iuv.
912 1937 958 2007 v1,
976 1938 1043 2008 474;
1072 1939 1122 1993 cfr.
1146 1945 1174 1994 et
1196 1941 1267 2009 Birt,

164 2036 238 2090 Zura'
256 2036 401 2104 politisclre
419 2035 528 2091 Satireu
547 2037 594 2091 aas
612 2037 684 2090 alten
703 2037 781 2090 Rom.
801 2035 937 2104 Marburg
958 2021 1035 2089 1888.
1054 2053 1100 2106 pg.
1120 2037 1155 2090 59
1174 2055 1234 2106 sqq.

266 2135 294 2202 9)
313 2135 402 2188 Immo
423 2135 550 2203 sequenti
569 2135 678 2189 saeculo
698 2133 827 2187 Sidonius
846 2131 1018 2202 Apollinaris
1037 2149 1080 2201 cp.
1094 2134 1142 2198 IX,
1159 2136 1192 2188 13
1211 2152 1267 2188 ura·

163 2247 218 2284 uus
236 2237 322 2285 uucta
340 2246 404 2285 suco
424 2232 522 2285 amomi
552 2230 697 2285 Pithoeani
716 2230 886 2298 scripturam
904 2229 1043 2299 respicere
1062 2230 1173 2283 videtur
1191 2230 1266 2300 VIII,

166 2328 217 2383 159
237 2333 334 2382 uuctus
353 2345 455 2383 amanto
475 2329 569 2398 (sucus
587 2330 685 2382 arneuu'
703 2327 778 2398 apud
788 2327 838 2383 Or.
849 2332 913 2380 met.
926 2326 985 2395 XV,
1005 2327 1080 2394 394),
1098 2343 1267 2395 quamquam

163 2424 216 2480 hoc
228 2426 361 2479 nimirum
379 2431 477 2480 contra
490 2431 611 2489 aetatem
630 2427 801 2495 superiorem
816 2425 930 2478 alterius
949 2423 1117 2478 recensionis
1136 2423 1175 2475 nil
1190 2423 1265 2477 facit.

165 2522 223 2576 Alii
243 2522 306 2590 loci,
326 2523 374 2577 ubi
390 2522 519 2578 Sidonius
537 2522 696 2577 Iuvenalem
715 2522 851 2589 imitatur,
869 2520 971 2574 nullius
989 2521 1075 2589 pretii
1093 2521 1174 2573 nobis
1193 2524 1265 2572 sunt.

164 2620 211 2672 Bis
229 2637 293 2674 enm
314 2619 395 2674 affert
417 2638 460 2689 ep.
479 2619 554 2689 VIII,
573 2621 590 2673 9
616 2625 696 2673 satur
721 2624 759 2674 est
782 2635 843 2672 cum
866 2618 935 2672 alsit
960 2617 1095 2672 Horatius
1126 2615 1207 2670 euhoe
1233 2640 1265 2664 =

164 2716 222 2770 luv.
242 2717 302 2782 VII,
321 2719 364 2786 69,
384 2722 420 2786 et,
449 2718 523 2785 quod
543 2716 670 2770 Iahnium
693 2716 848 2786 praeteriit,
876 2733 919 2784 ep.
941 2714 1013 2783 VIII,
1034 2715 1067 2767 111
1091 2713 1146 2766 taur·
1162 2718 1267 2782 ternpus

163 2819 251 2869 estut
269 2815 401 2868 sortitiones
420 2815 462 2868 ait
477 2813 595 2868 Orestem
615 2819 738 2868 uestrum
751 2814 795 2868 cccl
812 2829 894 2882 super
913 2817 987 2881 torpa
1005 2811 1087 2878 finire
1106 2809 1156 2863 cfr.
1170 2810 1229 2864 Iuv.
1244 2810 1265 2877 I,

164 2913 190 2965 6.
210 2912 341 2965 Imitatur
361 2929 424 2965 eum
444 2928 486 2980 ep.
502 2911 553 2978 1,9
571 2912 613 2964 ita
631 2917 662 2966 ut
680 2912 772 2965 uultus
790 2911 906 2964 eouur'ua
924 2908 1061 2962 urordacis
1080 2907 1190 2976 tiupuae
1205 2905 1266 2972 felle

162 3007 285 3075 feriatur
305 3008 354 3063 cfr.
367 3009 426 3062 Iuv.
445 3007 492 3077 IX,
514 3009 560 3075 103
580 3026 622 3076 ep.
636 3008 671 3076 11,
696 3008 726 3061 10
744 3006 843 3071 (initio)
859 3010 973 3074 propter
992 3020 1074 3072 quam
1093 3019 1143 3058 uos
1163 3019 1265 3072 quoque

164 3105 345 3159 subduximus
363 3105 469 3173 serulae
492 3120 602 3157 manum
621 3103 670 3157 cfr.
690 3103 748 3156 luv.
768 3103 790 3170 I,
811 3103 857 3171 153
878 3119 920 3171 ep.
940 3100 974 3169 ll,
994 3101 1027 3153 13
1046 3105 1205 3169 spumarent
1220 3099 1263 3165 sa-

164 3203 238 3258 leruo
251 3218 367 3271 pentuma
386 3217 498 3270 capaces
513 3200 563 3255 cfr.
574 3200 635 3253 luv.
650 3200 696 3268 Vl,
711 3200 775 3267 3033
796 3217 838 3268 ep.
852 3199 899 3267 IV,
912 3199 945 3252 13
964 3197 1063 3265 quippe
1079 3201 1143 3266 post
1162 3202 1264 3264 torpunt

164 3315 224 3354 euru
242 3300 299 3353 iaru
317 3298 456 3353 duodecim
474 3300 562 3352 lustra
580 3297 752 3352 transmittat
774 3297 823 3351 cfr.
842 3297 901 3349 Iuv.
920 3294 996 3362 XIIl,
1017 3295 1050 3346 10
1069 3311 1125 3362 sq.;
1144 3311 1186 3362 ep.
1201 3293 1263 3361 Vll,

166 3397 303 3451 lirratus
319 3395 356 3449 ad
375 3395 541 3464 Euphraten
560 3393 798 3463 =1uv.1,104;
825 3409 867 3461 ep.
887 3392 934 3460 IX,
954 3392 970 3445 9
990 3391 1032 3458 (in
1049 3389 1115 3458 fine)
1143 3390 1262 3458 quaurlo·

165 3492 270 3562 quidem
294 3498 356 3548 tuos
375 3508 464 3548 aucas
487 3492 545 3546 iam
568 3491 667 3546 deutra
686 3489 871 3545 numerauerr't
894 3489 943 3543 cfr.
964 3488 1021 3542 luv.
1041 3487 1074 3549 X,
1093 3487 1157 3555 949;
1176 3504 1261 3541 carm.

164 3590 199 3654 II,
219 3592 272 3645 530
290 3607 330 3659 sq.
356 3591 382 3644 si
400 3591 505 3659 ruperit
525 3589 610 3660 Alpes
629 3590 737 3643 Poeaus
762 3587 811 3642 cfr.
830 3588 889 3640 Iuv.
909 3586 942 3654 X,
963 3587 1027 3654 1533
1054 3602 1137 3639 carm.
1156 3584 1191 3653 V,
1208 3584 1262 3637 430

164 3695 247 3743 uueta
278 3690 411 3743 Tarentus
434 3689 482 3744 cfr.
502 3690 560 3743 Iuv.
580 3688 626 3757 Vl,
650 3687 701 3742 997
727 3691 755 3740 01
776 3685 850 3753 VIlI,
872 3686 937 3753 1133
965 3700 1049 3738 carm.
1069 3681 1128 3744 Vll,
1150 3682 1201 3736 107
1220 3699 1261 3749 sq.

165 3785 279 3840 Galbam
306 3787 405 3842 ster-uis
433 3786 500 3841 otto
527 3786 634 3855 specula
663 3784 710 3854 qui
733 3783 846 3854 pulcher
874 3780 968 3836 haberi
1004 3780 1067 3833 dura
1096 3784 1193 3849 captas
1212 3778 1260 3832 cfr.

164 3882 224 3936 Iuv.
247 3883 282 3953 11,
301 3883 343 3937 99.

265 3980 294 4051 3)
314 3981 478 4051 Congruunt
497 3981 571 4035 circa
591 3981 643 4035 150
660 3979 738 4048 locis,
762 3996 879 4047 quorum
899 3992 1028 4030 numerus
1048 3977 1166 4044 augetur
1185 3990 1207 4027 c.
1227 3973 1262 4026 00

164 4076 227 4131 aliis
250 4076 376 4133 adhibita
402 4077 493 4132 Iahnii
516 4078 673 4144 collatione,
702 4076 746 4130 cui
767 4074 870 4143 ubique
887 4071 971 4126 fidem
996 4071 1099 4125 habere
1117 4087 1161 4124 me
1184 4073 1262 4123 vetat

165 4173 277 4228 collatio
297 4191 378 4242 nova,
407 4191 462 4242 qua
481 4174 594 4228 edoctus
614 4191 673 4226 surn
693 4171 740 4234 VI,
759 4172 811 4224 913
830 4169 885 4239 legi
904 4168 975 4222 uelit
998 4168 1051 4222 479
1068 4164 1183 4236 stupellas
1201 4164 1261 4233 Vll,

166 4271 218 4324 190
237 4270 361 4338 afrorum
381 4269 520 4338 19411111
539 4269 614 4337 VIII,
636 4269 688 4322 903
709 4266 824 4332 auarus
841 4262 916 4331 XIII,
936 4262 987 4316 149
1005 4262 1072 4318 ultis
1087 4261 1217 4330 populus.
