2856 4906
698 338 749 392 115

143 568 146 574 ,
171 513 346 582 sententias
369 514 537 598 scripsisse
559 512 728 595 videturl),
752 514 835 579 sicut
853 514 950 579 ctiam
975 516 1008 578 in
1032 513 1080 580 his
1106 515 1269 579 codicibus

173 624 316 691 nonnulli
339 624 424 689 tituli
449 624 481 687 in
504 625 650 705 margine
672 625 837 705 leguntur3
867 625 1024 706 posterior
1045 631 1151 688 autem
1174 624 1272 688 libra-

172 737 236 801 rius
260 753 464 800 comumnes
490 733 719 815 inscriptiones
743 733 903 816 excerptis
926 734 1065 814 singulis
1090 733 1268 816 praefigere

170 848 289 922 vellet,
322 847 497 912 sententias
529 843 738 910 cohaerentes
772 845 902 927 saepius
936 842 1071 908 diremit.
1128 842 1171 907 Ut
1204 861 1267 906 rem

172 957 320 1039 exemplo
341 955 507 1032 illustrem,
529 955 648 1037 legitur
670 956 716 1019 sic

273 1063 319 1144 (V,
344 1062 416 1141 127)
439 1061 563 1143 quoodo
581 1060 735 1141 propiuut

316 1191 441 1253 pauper
460 1171 542 1235 iuter
565 1170 673 1251 epulus
693 1171 760 1235 sitit
942 1213 943 1216 κ

271 1281 320 1363 (V,
346 1280 416 1361 128)
445 1279 520 1344 Vtro
541 1279 598 1344 tibi
620 1281 773 1362 sumitque
795 1281 858 1345 tuis
879 1301 904 1344 c.
929 1280 949 1344 t.

271 1391 327 1457 cir.
352 1391 421 1471 Vll,
447 1391 506 1454 135
529 1409 586 1473 sq.,
609 1389 700 1464 VIII,
721 1390 781 1452 211
806 1408 865 1470 sq.,
887 1388 945 1466 lx,
972 1389 1031 1452 102
1053 1409 1110 1471 sq.,
1133 1389 1175 1452 al.

270 1501 392 1567 Eadem
416 1501 456 1566 de
478 1520 576 1566 causa
607 1499 818 1582 compluriens
842 1499 875 1563 in
898 1501 999 1563 altero
1021 1497 1132 1563 codice
1156 1499 1267 1562 titulus

172 1611 271 1676 deest.
314 1609 426 1692 Itaque
450 1608 511 1674 hoc
537 1607 729 1690 florilegium
753 1628 793 1673 ex
822 1608 1008 1672 membrana
1031 1607 1152 1671 saeculi
1178 1607 1218 1670 X.
1243 1626 1267 1671 s.

171 1721 226 1784 Xl.
251 1720 440 1804 interposito
463 1719 563 1784 altero
586 1718 746 1801 florilegio
770 1737 918 1782 manasse
941 1724 1027 1800 puto,
1059 1736 1196 1798 quocum
1217 1735 1267 1780 co·

170 1849 270 1894 nexus
293 1828 402 1904 artior,
427 1847 522 1910 quem
545 1827 629 1892 inter
651 1827 720 1891 Pet
732 1826 790 1890 Du
813 1825 1011 1891 intercedere
1034 1826 1163 1909 pg.109
1186 1824 1266 1889 vidi-

171 1959 249 2016 mus,
273 1940 392 2022 cptimc
408 1938 566 2015 convenit,
590 1957 660 2002 cum
685 1936 812 2002 codices
828 1938 1041 2019 posteriorum
1064 1937 1265 2001 sacculorum

171 2049 307 2131 vestigia
329 2048 528 2143 recensionis
551 2067 724 2130 germanae
748 2048 851 2129 magis
867 2047 1035 2129 magisque
1058 2043 1266 2125 amiserint2).

170 2159 340 2240 Excerpta,
374 2156 459 2223 unde
488 2157 545 2221 Du
579 2157 715 2241 profecti
736 2164 819 2232 sunt,
854 2155 986 2220 scholiis
1014 2155 1195 2237 glossisque
1220 2154 1267 2218 in-

169 2273 291 2333 structa
324 2267 422 2333 fuisse
454 2288 495 2333 ex
523 2267 678 2350 exemplis
701 2288 730 2350 p.
757 2268 817 2331 113
839 2265 957 2330 adn.3
991 2265 1099 2330 allatis
1132 2272 1268 2349 apparet

168 2397 273 2460 neque
304 2383 353 2443 est
385 2397 442 2442 cur
467 2378 625 2442 miremur.
675 2377 757 2440 Nam
788 2377 820 2440 in
856 2375 988 2440 fioribus
1016 2373 1264 2439 Coloniensibus

168 2487 240 2552 voci
261 2486 360 2569 pelleo
382 2487 435 2566 (X,
463 2487 534 2568 168)
558 2488 810 2571 superscriptum
833 2493 881 2552 cst
904 2485 1086 2566 uleuuurtro,
1107 2492 1139 2550 ct
1160 2484 1203 2548 ad
1224 2486 1264 2564 X,

169 2599 230 2662 294
253 2618 322 2681 sqq.
347 2597 491 2664 scholion
514 2598 627 2664 eadem
650 2618 744 2662 manu
768 2603 934 2662 exaratum
955 2601 1060 2661 exstat
1082 2594 1155 2658 hoc:

273 2705 422 2789 Verqiuiu
450 2707 543 2788 uirqc
566 2707 629 2787 tuit
657 2705 851 2786 pulcerrimo
876 2704 948 2785 filiu
970 2703 1109 2785 uerqr'ur'u'
1131 2703 1266 2767 consutis

167 2837 245 2898 quoe
273 2815 312 2881 ub
335 2816 432 2897 appio
455 2807 627 2881 decemuiro
647 2837 706 2896 per
727 2816 793 2879 uiue
814 2820 959 2896 stuprutu
982 2819 1025 2878 est
1066 2811 1154 2877 Uudc
1175 2817 1267 2892 puter

167 2926 232 2989 cius
251 2925 342 2990 tussit
369 2947 437 2990 curu
458 2927 556 2991 crudi
583 2947 661 3008 quae
685 2947 753 2991 curu
775 2927 938 2990 duceretur
960 2923 1003 2987 ud
1029 2928 1157 2987 urorteru
1179 2927 1264 3002 optu-

168 3033 219 3098 bot
236 3034 350 3113 furiem
369 3034 479 3101 habere
500 3036 595 3101 rutile
616 3037 766 3100 distortae
787 3041 816 3099 et
836 3033 1024 3116 procustes).

268 3145 368 3210 Paulo
389 3145 551 3211 difficilius
574 3166 671 3229 quam
693 3145 726 3209 in
746 3145 804 3209 Du
827 3144 994 3209 arbitrium
1021 3145 1053 3208 in
1076 3143 1102 3206 F
1124 3125 1193 3219 est,
1210 3141 1264 3206 ubi

168 3275 237 3319 cum
267 3254 454 3321 mendorum
482 3276 632 3322 numerus
666 3276 728 3321 non
754 3262 861 3320 tantus
893 3255 944 3328 sit,
978 3261 1013 3318 ut
1042 3274 1106 3317 non
1138 3253 1264 3333 possint

166 3365 223 3444 illi,
247 3367 302 3447 qui
326 3365 412 3431 haud
433 3366 549 3431 inscite
572 3367 749 3430 sententias
773 3365 944 3445 excerpsit,
973 3362 1123 3441 adscribi,
1147 3362 1262 3426 summi

165 3477 317 3541 momenti
338 3475 380 3541 ad
404 3477 623 3558 quaestionem
653 3475 852 3558 propositam
876 3479 949 3538 sunt
971 3494 1083 3539 versus
1108 3472 1150 3545 hi,
1183 3492 1262 3554 quos

266 3662 292 3727 1)
310 3661 360 3716 cfr.
375 3661 447 3716 banc
465 3661 634 3731 scripturam
647 3661 720 3730 XIV,
735 3661 799 3715 214:
820 3699 864 3714 ...
884 3661 954 3714 uicit
973 3660 1088 3714 ucltttles.
1120 3658 1169 3729 Qd'
1183 3660 1264 3727 pareri

314 3773 368 3811 uuo
387 3764 451 3813 suut
469 3761 537 3815 mule
556 3759 669 3814 docendi

312 3853 484 3909 Purceudum
503 3861 542 3910 est
559 3856 659 3910 teucris
679 3855 763 3924 (215).

263 3951 288 4016 2)
307 3951 385 4006 velut
403 3952 490 4007 codex
509 3952 556 4006 ille
574 3952 677 4006 saeculi
695 3952 768 4020 XIV,
796 3969 877 4021 qucm
896 3951 1037 4019 protraxit
1056 3949 1194 4018 Zingerle,
1213 3948 1261 4003 Kl.

159 4047 253 4115 philol.
278 4047 517 4119 Uutersucbuuqeu
535 4049 581 4119 IV,
602 4051 613 4102 1
636 4067 695 4119 sqq.

262 4145 288 4208 3)
307 4144 399 4198 Etiam
425 4144 455 4198 in
476 4145 612 4216 florilegio
634 4145 735 4200 codicis
760 4144 933 4199 Monacensis
952 4144 1022 4198 4423
1042 4160 1131 4212 pauca
1156 4141 1262 4196 scholia

161 4240 303 4311 leguntur.
