2856 4906
222 1187 345 1264 Quibus
368 1189 476 1254 causis
499 1190 719 1287 interpolator
740 1190 775 1256 in
797 1189 940 1273 singulis
962 1187 1199 1255 mutationibus

581 1299 758 1367 commotus
785 1298 838 1365 sit.

263 1506 355 1584 Quod
378 1508 406 1570 si
437 1506 499 1569 iam
528 1506 670 1572 conabor
696 1507 870 1572 varietates
897 1505 1043 1571 codicum
1065 1486 1260 1571 deteriorum

162 1616 323 1681 incertas
355 1618 476 1682 classes
504 1616 706 1697 distribuere,
740 1616 959 1698 quaestionem
987 1636 1048 1680 non
1077 1617 1180 1681 levem
1209 1637 1260 1682 me

161 1732 317 1808 temptare
344 1711 407 1790 non
437 1727 567 1808 ignor03
605 1747 677 1790 nam
701 1725 817 1808 quibus
840 1725 947 1790 causis
974 1724 1133 1791 adductus
1164 1726 1261 1791 inter-

162 1834 290 1916 polator
323 1834 477 1900 lectiones
510 1835 667 1918 genuinas
694 1834 876 1907 mutaverit,
909 1839 981 1917 post
1004 1834 1260 1916 quattuordecim

162 1944 293 2008 saecula
319 1950 469 2008 accurate
497 1965 536 2009 ac
564 1949 649 2009 recte
677 1944 844 2026 explorare
873 1963 988 2009 munus
1017 1944 1172 2009 incertum
1202 1953 1261 2022 est,

162 2054 352 2136 praesertim
377 2074 448 2118 cum
464 2054 555 2118 libris
579 2053 674 2119 huius
698 2054 894 2118 recensionis
910 2053 1057 2118 manibus
1081 2054 1260 2120 scribarum

161 2162 360 2228 indoctorum
383 2171 414 2228 et
446 2163 684 2247 neglegentium
720 2164 909 2228 deformatis
939 2184 1001 2227 non
1036 2164 1150 2246 paucis
1180 2165 1260 2230 locis

162 2273 303 2355 ambigui
338 2273 544 2352 haereamus,
578 2281 683 2338 utrum
714 2273 935 2338 diversitatem
969 2271 1012 2337 ad
1046 2274 1260 2356 corruptelam

161 2381 287 2447 librarii
309 2382 470 2447 fortuitam
494 2404 535 2447 an
558 2383 600 2446 ad
619 2383 819 2464 grammatici
843 2382 1119 2465 interpolationem
1142 2382 1260 2448 delibe-

162 2500 263 2555 ratam
287 2492 473 2556 referamus,
517 2493 666 2557 Attamen
690 2492 872 2573 ubicunqne
899 2499 1017 2556 certam
1040 2512 1171 2557 causam
1194 2513 1259 2558 mu·

162 2599 294 2664 tationis
318 2601 509 2683 cognovisse
532 2601 611 2664 nrilri
636 2600 757 2678 videor,
781 2599 834 2664 hic
857 2620 1044 2683 proponam.

263 2710 369 2790 Atque
392 2716 426 2774 ut
449 2731 468 2772 a
491 2730 524 2775 re
547 2709 705 2774 facillima
727 2710 887 2792 incipiam,
920 2711 1020 2793 primo
1045 2710 1114 2774 loco
1139 2708 1261 2775 discre-

164 2819 301 2907 pantias,
332 2839 412 2900 quas
436 2818 586 2900 equidem
609 2819 788 2882 scribarum
810 2819 953 2897 arbitrio,
984 2839 1079 2900 quam
1102 2840 1262 2902 gramma·

162 2931 223 2994 tico
245 2929 414 3011 assignare
437 2928 556 3005 malini,
577 2928 770 2993 enumerabo
781 2927 823 3008 ll:

262 3035 286 3116 l,
314 3038 333 3098 2
361 3036 483 3114 codri2)
512 3037 635 3099 ‘no—25
663 3055 723 3099 om.
754 3037 795 3099 53
827 3036 1000 3100 loborlatlu'
1033 3056 1056 3100 s.
1090 3036 1262 3103 laberinthi

165 3149 223 3211 llo
249 3165 309 3211 aec
339 3146 433 3210 codol
457 3145 516 3209 114
549 3145 684 3209 traditas
706 3145 948 3209 aeolicos-oros
970 3147 1011 3223 ΙΙ,
1038 3147 1079 3208 24
1101 3147 1197 3228 om.³)
1220 3148 1261 3210 lo

55 3346 58 3350 Δ
162 3256 283 3321 Taedio
305 3258 345 3319 50
368 3256 477 3337 [lippo
500 3259 540 3320 68
556 3255 878 3338 ualidiores-laboth
900 3254 940 3318 97
963 3256 1102 3337 caldana
1127 3257 1187 3319 llo
1212 3278 1261 3322 co-

161 3366 236 3429 trdr's
264 3366 433 3447 pardisque
456 3367 516 3438 ΙΙΙ,
539 3369 579 3429 58
611 3387 675 3430 aon
704 3366 742 3428 67
775 3367 874 3430 socordi
905 3364 1093 3445 rccdedipora
1123 3367 1163 3429 80
1179 3388 1260 3447 pero·

265 3570 290 3633 1)
309 3567 421 3622 Partern
442 3569 605 3622 mendorum
620 3568 841 3635 antiquissimam
856 3585 914 3621 esse
930 3573 1095 3637 argumento
1109 3572 1175 3622 sunt
1187 3569 1262 3640 frag-

162 3668 256 3717 ment-a
273 3663 417 3727 Vaticana,
439 3665 467 3716 in
487 3665 588 3731 quibus
610 3665 664 3717 iam
684 3664 789 3732 legitur
808 3663 979 3729 corcodillon,
998 3663 1180 3732 circcpithcer}
1203 3683 1262 3719 cac·

161 3763 249 3815 ruicos
274 3766 341 3826 otc.;
366 3762 420 3814 alia
440 3780 473 3814 ex
494 3779 526 3814 eo
553 3762 647 3814 codice
672 3761 808 3827 oriuntur,
833 3760 869 3812 ad
888 3778 970 3827 quern
991 3761 1056 3813 libri
1077 3762 1166 3814 nostri
1186 3762 1263 3816 rede·

162 3863 223 3926 unt,
242 3859 297 3911 alia
318 3877 351 3912 ex
371 3858 449 3912 fonte
462 3859 602 3911 courrnuni
622 3858 795 3927 singularum
819 3857 996 3925 tantillarum,
1017 3876 1085 3926 quas
1104 3859 1263 3913 statuimus.

162 3955 292 4009 Ceterum
306 3955 358 4008 cir.
378 3973 448 4022 quae
463 3955 562 4008 menda
579 3954 650 4007 Beer
663 3954 814 4022 diligenter
833 3952 900 4005 oxP
916 3954 1029 4022 collegit
1042 3954 1060 4006 l.
1075 3955 1093 4007 l.
1103 3973 1151 4024 pg.
1160 3956 1194 4008 13
1201 3973 1262 4025 sqq.

262 4052 288 4119 2)
308 4050 358 4104 cir.
379 4050 459 4104 codd.
479 4051 546 4103 Luc.
567 4049 640 4117 VIII,
661 4049 722 4115 715,
740 4048 824 4101 Mart.
843 4049 877 4114 Il,
897 4049 940 4116 of,
959 4049 985 4115 4,
1005 4048 1039 4117 V,
1057 4050 1100 4119 93,
1119 4052 1149 4120 8;
1169 4053 1212 4120 96,
1234 4053 1264 4121 13

162 4147 207 4200 rd.
226 4153 254 4200 et
272 4165 357 4215 snpra
376 4166 422 4216 pg.
442 4147 476 4199 55
496 4146 550 4198 adn
570 4145 594 4196 2.

261 4244 287 4311 3)
308 4261 371 4296 cum
390 4262 416 4296 r.
434 4259 550 4311 sequens
570 4241 669 4295 eodem
688 4239 773 4293 uerbo
792 4238 917 4308 incipiat.
