2856 4906
691 345 743 400 114

271 513 394 593 Quibus
416 513 501 580 addo
523 508 740 579 non'maioris
762 515 858 597 pretii
880 513 982 580 haec?
997 515 1056 597 III,
1073 515 1134 578 288
1156 513 1270 580 misere

169 646 253 690 nuuc
277 625 355 690 uadi
374 645 428 706 pr.
451 624 540 703 VIII,
562 625 622 687 235
646 624 750 689 deceat
772 623 811 703 X,
834 624 894 688 106
920 624 1017 690 altior
1044 623 1094 689 ilii
1118 624 1179 688 188
1202 623 1270 688 ioa-

168 756 225 818 qos
246 736 304 818 XI,
327 736 367 798 57
396 754 460 799 aon
485 754 626 813 saperem
654 736 780 816 citoque
808 739 836 798 et
859 734 952 815 XIII,
975 736 1015 799 33
1038 755 1055 798 o
1077 735 1183 799 seuc'or
1208 735 1270 799 178

168 845 245 927 qaia
266 864 393 926 corpore
408 845 470 909 210
491 844 608 925 quidsi
623 848 735 908 eoaota
754 844 900 925 (eoqautu
917 843 956 921 Ε)
971 843 1058 925 XVI,
1073 844 1115 908 40
1136 842 1269 910 soluere.

269 953 417 1036 Denique
438 953 500 1018 huc
522 952 726 1018 referendum
749 961 798 1019 est
819 954 877 1037 XI,
900 955 959 1018 162
982 974 1040 1037 sq,
1073 953 1127 1019 ubi
1151 953 1200 1019 sic
1223 954 1268 1020 Ie-

168 1065 255 1146 gitur
277 1064 310 1129 in
326 1063 397 1127 DE:
420 1063 556 1144 forsitan
578 1067 716 1143 expectes
737 1065 892 1144 (expertas
909 1063 948 1144 n)
971 1069 1006 1128 at
1027 1082 1166 1128 concaua
1187 1068 1269 1129 tecto

168 1193 283 1238 eorroro
305 1171 466 1252 Incipient
487 1191 633 1236 resonare
654 1168 745 1236 ciero
767 1220 802 1235 ..
828 1224 834 1236 .
859 1171 916 1236 ubi
937 1172 1107 1237 obscaenis
1130 1173 1267 1239 vocibus

167 1282 321 1363 peditare
349 1288 380 1345 et
399 1280 531 1361 prurire
558 1278 695 1344 sublatis
722 1279 871 1345 librarius
901 1280 999 1345 verba
1028 1279 1193 1364 decerpsit
1227 1252 1293 1347 11ἱ

169 1389 265 1472 Verg.
281 1410 312 1472 g.
335 1389 389 1467 IV,
412 1387 513 1469 4011.
536 1393 592 1452 aot
613 1387 666 1452 aot
680 1408 816 1454 coaequa
837 1387 935 1470 poiseo
949 1387 1037 1454 Saxo
1057 1394 1185 1471 sooeot;
1209 1391 1267 1458 cfr.

168 1501 265 1565 etiam
286 1499 363 1564 Aen.
386 1498 446 1576 III,
469 1498 531 1561 432
559 1500 741 1564 resonantia
766 1519 846 1565 saro
869 1498 928 1566 01.
951 1506 1023 1566 met.
1046 1500 1102 1584 IV,
1124 1501 1167 1564 30
1193 1520 1267 1566 eorr-

166 1629 304 1691 eouaque
325 1629 400 1673 uero
420 1613 543 1673 sonaret.

268 1718 444 1800 Florilegia
466 1724 575 1783 nostra
591 1739 630 1784 ex
654 1719 812 1785 communi
836 1720 924 1784 fonte
945 1739 1008 1784 non
1020 1718 1173 1786 derivata
1194 1741 1263 1787 esse

168 1828 274 1910 quivis
297 1827 471 1911 intellegis
502 1848 576 1893 nam
598 1829 720 1895 nullum
742 1849 805 1919 non
833 1848 944 1896 versus
967 1829 1119 1912 continet,
1151 1830 1261 1913 quiin

168 1940 283 2005 ceteris
309 1956 370 2004 non
388 1939 599 2021 reperiantur,
623 1959 681 2005 nec
703 1939 758 2004 ubi
774 1959 958 2004 communes
981 1941 1157 2006 sententias
1173 1960 1265 2024 prac-

168 2046 252 2130 bent,
276 2048 404 2114 casdem
422 2048 575 2114 lectiones
601 2047 732 2114 tradunt
747 2049 892 2133 exceptis
915 2049 982 2115 illis
998 2049 1088 2128 loeis,
1110 2050 1165 2114 ubi
1190 2070 1264 2115 cum

166 2158 275 2223 omnia
304 2159 401 2224 classi
425 2157 574 2224 deteriori
597 2157 838 2224 adnumeranda
860 2161 931 2239 sint,
966 2178 1005 2225 ea
1029 2160 1111 2225 inter
1138 2177 1173 2225 se
1196 2178 1263 2224 non

167 2265 297 2333 differre
323 2274 572 2334 consentaneum
602 2274 659 2334 est.
704 2267 767 2333 Ubi
797 2267 974 2336 similitudo
1004 2268 1156 2334 notabilis
1179 2288 1264 2334 com·

165 2397 278 2459 parere
300 2377 437 2461 videtur,
470 2383 504 2442 ut
527 2378 584 2458 IX,
610 2378 669 2441 103
690 2377 858 2459 toquentur
878 2377 933 2442 Fa
958 2378 1018 2442 118
1039 2383 1083 2443 est
1104 2382 1264 2443 reete-tam

167 2485 250 2551 dnn
276 2489 333 2551 126
356 2489 437 2552 enim
459 2487 625 2553 0111.an
648 2485 686 2568 X,
709 2488 750 2550 24
780 2492 816 2551 ot
836 2493 977 2553 cresceret
997 2493 1025 2552 et
1047 2487 1105 2552 DI]
1126 2493 1161 2552 et
1183 2508 1263 2554 eres·

166 2605 239 2662 cont
259 2602 293 2661 at
316 2598 341 2661 F
361 2598 451 2678 XIII,
474 2599 515 2662 53
534 2597 640 2679 priseo
656 2596 741 2662 CDE
763 2598 821 2661 171
843 2597 982 2679 quatiere
1003 2596 1057 2663 FO
1078 2597 1138 2662 199
1157 2597 1264 2679 piritio

167 2704 191 2770 C
213 2708 276 2771 -eiu
298 2707 356 2771 DE
378 2706 465 2788 XIV,
481 2708 542 2771 303
563 2705 670 2771 multis
691 2704 745 2770 FC
768 2706 836 2786 (ubi
853 2706 911 2770 DI]
925 2707 1072 2789 nequis),
1095 2727 1168 2772 cum
1190 2727 1264 2790 per·

165 2818 259 2902 pauci
282 2817 347 2882 sint
370 2816 403 2880 hi
426 2817 489 2882 loci
511 2836 570 2883 nec
593 2817 624 2881 11
649 2816 764 2882 ceteris
787 2837 850 2880 non
883 2823 1055 2883 sexcentae
1078 2816 1262 2901 discrepan-

166 2928 232 2992 tiae
253 2926 473 3009 gravissimae,
510 2926 562 2992 hic
584 2946 759 2993 consensus
782 2926 872 2993 casui
900 2925 1088 2992 tribuendus
1111 2934 1168 2992 aut
1191 2947 1263 2993 eas·

166 3036 238 3101 dem
260 3037 415 3102 lectiones
438 3036 560 3103 eisdem
585 3036 691 3102 causis
714 3035 847 3102 effectas
870 3056 941 3102 esse
964 3035 1186 3102 arbitrandum
1204 3044 1260 3104 est.

266 3147 379 3212 Restat
401 3154 436 3214 ut
457 3148 693 3230 investigemus,
727 3155 830 3213 utrum
853 3147 1013 3230 florilegio
1035 3167 1074 3212 ex
1097 3147 1261 3214 codIcibus

164 3255 262 3320 totius
285 3257 448 3322 Iuvenalis
469 3279 511 3323 an
534 3277 574 3323 ex
603 3256 677 3322 aliis
700 3254 867 3339 florilegiis
889 3262 1018 3339 sumpta
1039 3255 1112 3321 sint.
1156 3255 1262 3323 Facil-

163 3365 240 3428 lime
262 3364 415 3431 iudicium
438 3366 595 3432 constabit
615 3367 647 3430 in
670 3365 744 3441 Dm
771 3386 844 3431 nam
868 3386 938 3431 eum
959 3365 1118 3430 hominem
1142 3384 1262 3447 magna

165 3475 308 3540 sollertia
336 3477 516 3560 praeditum
545 3485 577 3543 et
608 3476 756 3542 doctrina
784 3476 915 3558 linguae
943 3474 1064 3541 latinae
1090 3475 1260 3558 legumque

164 3586 369 3653 metricarum
396 3608 460 3654 non
489 3589 607 3671 exigua
636 3587 825 3651 instructum
853 3585 934 3650 haec
958 3590 1112 3667 excerpta
1132 3600 1260 3665 compo·

164 3695 268 3763 suisse
291 3699 438 3765 versibus
461 3698 541 3764 scite
557 3695 783 3763 contaminatis
805 3702 836 3761 et
858 3694 966 3761 verbis
991 3693 1158 3778 ingeniose
1179 3711 1261 3756 com·

163 3804 293 3871 mutatis
315 3807 434 3874 additis
468 3806 594 3874 omissis
629 3805 856 3891 percipiamus,
890 3802 959 3869 fieri
987 3824 1050 3868 non
1081 3802 1193 3886 potuit,
1227 3807 1262 3866 ut

163 3914 243 3980 talia
277 3917 393 3983 menda
428 3918 512 3983 idem
541 3919 760 3995 committeret,
796 3917 912 4000 quibus
941 3915 996 3980 vix
1028 3913 1061 3978 in
1089 3913 1155 3978 ullo
1178 3911 1260 3977 libro

163 4023 380 4107 frequentiora
402 4048 441 4093 ac
462 4029 605 4112 turpiora
630 4034 766 4094 exstent.
810 4023 946 4093 Accedit
974 4021 1060 4105 cuod
1083 4022 1192 4088 scriba
1214 4011 1261 4084 in-

164 4135 354 4218 scriptiones
384 4137 580 4219 singuIarum
615 4139 844 4204 sententiarum
876 4153 1041 4219 perperam
1071 4133 1184 4215 posuit.
1230 4131 1262 4195 Is

164 4244 259 4322 eninr,
272 4247 325 4330 qui
335 4246 530 4330 excerpendi
540 4249 703 4329 negotium
712 4247 744 4311 11
755 4266 789 4312 11
798 4249 993 4328 susceperat,
1002 4241 1162 4307 indiculos
1171 4241 1264 4307 iuxta
