2856 4906
712 346 745 404 51

182 511 374 598 scriptiones
397 509 599 581 laurentiani
627 524 659 582 et
681 517 906 600 Lugdunensis
937 517 1064 597 docent,
1100 519 1277 606 exemplari

181 630 360 702 manarunt,
382 625 556 690 secundnm
572 626 597 689 P
618 627 753 692 correcti
776 634 850 693 sunt
865 636 920 694 ant
941 629 1077 695 redeunt
1092 631 1134 696 ad
1150 631 1277 714 librum,

182 734 234 800 eni
255 733 417 816 descripto
440 754 480 799 ex
502 735 527 798 P
556 737 763 818 interpolator
784 737 902 819 aliquis
925 739 1078 805 lectiones
1101 740 1279 807 deteriores

182 844 326 909 obtrusit.
372 843 514 908 Priorem
537 863 595 909 nos
622 845 713 926 sequi
736 847 927 912 sententiam
950 854 1062 914 vetant
1084 849 1201 914 menda
1228 871 1277 915 ca·

180 953 268 1034 lami,
301 971 384 1035 quae
407 952 527 1016 cumP
559 953 741 1018 communia
769 961 897 1020 exstant
929 956 962 1020 in
991 954 1083 1020 libris
1114 956 1193 1020 meis
1224 965 1281 1022 aut

182 1060 374 1142 universis1)
405 1069 461 1127 aut
486 1062 632 1144 singulis.
676 1062 758 1128 Nam
784 1063 948 1128 librarium
972 1065 1119 1147 quamvis
1147 1067 1277 1130 stultum

181 1171 293 1255 ingere
312 1191 377 1236 non
392 1170 506 1254 potuit,
528 1170 556 1235 si
580 1169 721 1236 codicem
743 1172 858 1236 classis
874 1171 1071 1255 depravatae
1087 1176 1280 1241 correxisset

182 1301 223 1347 ex
246 1281 281 1358 P,
316 1279 411 1344 huius
434 1279 508 1344 libri
536 1278 789 1362 discrepantiam
816 1281 1007 1363 saepissime
1030 1283 1100 1347 sola
1130 1283 1279 1348 socordia

181 1389 310 1456 scribae
333 1397 435 1454 ortam
457 1408 537 1467 esse,
567 1388 756 1473 praesertim
779 1390 808 1454 si
831 1410 895 1472 qua
924 1391 956 1454 in
980 1389 1039 1456 hoc
1069 1393 1169 1456 verba
1190 1393 1279 1458 omit·

182 1506 301 1565 tantur.
345 1498 388 1564 Ut
411 1500 592 1582 exemplum
614 1497 760 1564 afferam:
785 1499 855 1581 Vll,
882 1500 942 1564 217
966 1500 993 1565 si
1017 1501 1124 1566 scriba
1148 1500 1279 1585 codicis,

182 1629 223 1676 ex
246 1610 364 1692 quon
396 1606 498 1686 fluxit,
532 1615 619 1674 recte
646 1628 687 1672 ex
720 1608 830 1674 codice
863 1609 1022 1675 deteriore
1053 1606 1280 1693 descripsisset

182 1720 287 1784 minus
302 1724 347 1784 est
362 1723 465 1783 cutem
486 1739 579 1800 qaam
600 1718 733 1783 rhetoris
755 1739 840 1792 aaa,
864 1718 982 1784 deinde
1003 1720 1036 1784 in
1056 1719 1082 1783 P
1104 1721 1280 1786 invenisset

182 1834 287 1893 cotem
308 1827 472 1909 omissum,
505 1828 640 1910 cogitari
669 1846 731 1892 non
759 1834 866 1911 potest
895 1829 1036 1894 illumin
1067 1849 1125 1894 suo
1151 1849 1279 1913 quoque

184 1943 335 2004 contextu
363 1937 541 2002 deleturum
574 1937 675 2002 lirisse
705 1936 898 2014 locantem,
926 1958 989 2020 quo
1021 1939 1148 2004 sublato
1171 1939 1278 2004 versui

185 2065 242 2130 pes
264 2047 401 2113 deesset.
446 2046 511 2112 Sed
531 2065 603 2111 cum
621 2067 748 2111 versum
771 2054 921 2112 accurate
944 2067 984 2112 ex
1003 2049 1028 2111 P
1051 2048 1214 2131 depictum
1237 2069 1279 2114 ex

182 2157 318 2223 alterius
350 2156 464 2223 classis
490 2146 695 2221 monumento
725 2156 874 2222 librarius
906 2159 1090 2241 corrigeret,
1126 2158 1278 2225 hocloco

181 2265 277 2331 nimis
299 2264 465 2331 festinanti
488 2285 594 2348 penna
615 2271 717 2331 cortem
739 2266 853 2331 deesse
876 2286 938 2331 non
961 2265 1196 2332 animadvertit.
1238 2267 1279 2331 Et

181 2375 231 2440 sic
254 2376 393 2459 saepius.
439 2374 523 2453 Quin
549 2375 646 2439 etiam
669 2375 741 2439 aliis
765 2374 845 2439 locis
868 2376 1032 2440 librarium
1057 2397 1119 2441 non
1147 2376 1280 2441 fallebat

183 2485 290 2550 versui
319 2485 434 2551 deesse
459 2485 567 2563 verba,
601 2484 710 2565 itaque
732 2483 790 2566 lX,
812 2485 852 2548 82
881 2484 1089 2568 procellam,
1124 2485 1210 2568 quod
1245 2486 1278 2549 in

181 2594 209 2659 P
235 2595 387 2660 omissum
411 2601 495 2659 recte
526 2593 681 2677 praebent
712 2595 809 2660 ceteri
843 2591 981 2670 codices,
1016 2595 1121 2660 scriba
1152 2594 1277 2659 libriA

181 2724 246 2770 non
268 2704 353 2770 male
376 2704 497 2770 adiecit
517 2725 623 2769 occare.

283 2813 367 2880 Huic
386 2822 574 2897 argumento
597 2814 625 2878 si
648 2813 835 2878 adiunxeris
859 2813 944 2895 quod
961 2813 1040 2880 Beer
1062 2821 1155 2880 acute
1178 2815 1279 2898 expli·

181 2924 295 3006 cavit2)
325 2926 357 2989 in
379 2925 466 2990 nullo
500 2924 661 2990 Iuvenalis
689 2924 772 2989 libro
801 2924 1021 3008 manuscripto
1054 2926 1126 3008 plus
1155 2931 1277 2990 satura·

181 3054 253 3100 rum
274 3040 437 3100 servatum
460 3053 541 3112 esse,
572 3054 667 3116 quam
690 3034 722 3098 in
747 3033 924 3098 Pithoeano
947 3040 1020 3117 post
1041 3032 1126 3116 XVI,
1150 3034 1199 3115 60,
1225 3033 1280 3115 q'rd

181 3164 296 3210 versus
328 3145 523 3210 novissimus
557 3143 662 3209 ultimi
695 3143 914 3225 quaternionis
944 3149 1105 3207 extremae
1137 3143 1279 3228 paginae

183 3256 303 3322 lineam
340 3255 484 3320 ultimam
524 3255 654 3338 expleat
695 3252 816 3317 omissa
853 3251 1089 3335 subscriptione
1121 3251 1279 3328 sollemni,

182 3370 298 3449 aperte
317 3363 505 3446 mutilato³)‚
537 3363 615 3428 nulli
640 3362 703 3427 iam
728 3362 858 3426 dubium
881 3361 949 3426 fore
972 3369 1058 3444 puto,
1091 3362 1168 3444 quin
1190 3361 1277 3426 idem

182 3480 269 3540 recte
293 3470 485 3539 iudicaverit
506 3472 634 3539 codices
658 3472 834 3538 deteriores
861 3491 901 3536 ex
923 3471 949 3534 P
970 3490 1120 3537 manasse
1143 3472 1278 3537 interce-

183 3584 280 3650 dente
305 3585 413 3666 aliquo
435 3589 541 3668 ponte,
575 3604 633 3667 per
654 3602 749 3665 quem
772 3581 927 3648 lectiones
958 3583 1169 3666 interpolatae
1192 3582 1278 3645 inru-

181 3693 298 3778 perint.

232 3958 235 3963 ’
283 3975 309 4040 1)
328 3973 392 4028 vide
411 3933 495 4043 supra
513 3991 560 4044 pg.
580 3973 624 4026 46.

278 4071 312 4149 2)
330 4071 348 4125 l.
368 4071 386 4125 l.
404 4089 452 4142 pg.
470 4071 505 4125 47
526 4088 585 4139 sqq.

283 4168 311 4238 3)
331 4167 405 4238 quod
424 4167 496 4223 obici
515 4170 607 4236 potest
626 4167 653 4219 in
668 4166 818 4235 archetypo
837 4166 893 4219 iam
908 4165 1045 4218 exstitisse
1058 4181 1127 4232 opus
1139 4181 1278 4224 mancum,

183 4267 244 4336 ipse
261 4263 365 4319 refellit
382 4281 429 4335 pg.
448 4265 491 4319 47.
