<?xml version="1.0" encoding="UTF-8"?>
<!DOCTYPE html PUBLIC "-//W3C//DTD XHTML 1.0 Transitional//EN"
    "http://www.w3.org/TR/xhtml1/DTD/xhtml1-transitional.dtd">
<html xmlns="http://www.w3.org/1999/xhtml" xml:lang="en" lang="en">
 <head>
  <title>
</title>
<meta http-equiv="Content-Type" content="text/html;charset=utf-8" />
  <meta name='ocr-system' content='tesseract 3.04.00' />
  <meta name='ocr-capabilities' content='ocr_page ocr_carea ocr_par ocr_line ocrx_word'/>
</head>
<body>
  <div class='ocr_page' id='page_1' title='image "apparatuscritic00hosigoog_0062.png"; bbox 0 0 2856 4906; ppageno 0'>
   <div class='ocr_carea' id='block_1_1' title="bbox 753 336 788 391">
    <p class='ocr_par' dir='ltr' id='par_1_1' title="bbox 753 336 788 391">
     <span class='ocr_line' id='line_1_1' title="bbox 753 336 788 391; baseline 0.029 -1"><span class='ocrx_word' id='word_1_1' title='bbox 753 336 788 391; x_wconf 81' lang='lat'>53</span> 
     </span>
    </p>
   </div>
   <div class='ocr_carea' id='block_1_2' title="bbox 221 504 1320 1892">
    <p class='ocr_par' dir='ltr' id='par_1_2' title="bbox 221 504 1320 1892">
     <span class='ocr_line' id='line_1_2' title="bbox 223 504 1318 590; baseline 0.002 -19"><span class='ocrx_word' id='word_1_2' title='bbox 223 507 444 590; x_wconf 81' lang='lat' dir='ltr'>interpolatae,</span> <span class='ocrx_word' id='word_1_3' title='bbox 468 504 555 589; x_wconf 89' lang='lat' dir='ltr'>quod</span> <span class='ocrx_word' id='word_1_4' title='bbox 579 525 619 570; x_wconf 84' lang='lat' dir='ltr'>ex</span> <span class='ocrx_word' id='word_1_5' title='bbox 638 504 763 570; x_wconf 90' lang='lat' dir='ltr'>duabus</span> <span class='ocrx_word' id='word_1_6' title='bbox 783 504 1070 588; x_wconf 81' lang='lat' dir='ltr'>subscriptionibus</span> <span class='ocrx_word' id='word_1_7' title='bbox 1094 508 1208 590; x_wconf 79' lang='lat' dir='ltr'>elucet,</span> <span class='ocrx_word' id='word_1_8' title='bbox 1232 514 1318 574; x_wconf 90' lang='lat' dir='ltr'>oerte</span> 
     </span>
     <span class='ocr_line' id='line_1_3' title="bbox 221 613 1320 700; baseline 0.001 -19"><span class='ocrx_word' id='word_1_9' title='bbox 221 616 294 694; x_wconf 85' lang='lat' dir='ltr'>duo,</span> <span class='ocrx_word' id='word_1_10' title='bbox 317 615 433 698; x_wconf 86' lang='lat' dir='ltr'>quibus</span> <span class='ocrx_word' id='word_1_11' title='bbox 456 620 540 681; x_wconf 90' lang='lat' dir='ltr'>totus</span> <span class='ocrx_word' id='word_1_12' title='bbox 564 622 598 680; x_wconf 90' lang='lat' dir='ltr'>ut</span> <span class='ocrx_word' id='word_1_13' title='bbox 620 613 748 680; x_wconf 87' lang='lat' dir='ltr'>videtur</span> <span class='ocrx_word' id='word_1_14' title='bbox 763 615 926 680; x_wconf 87' lang='lat' dir='ltr'>Iuvenalis</span> <span class='ocrx_word' id='word_1_15' title='bbox 947 615 1180 696; x_wconf 78' lang='lat' dir='ltr'>continebatur,</span> <span class='ocrx_word' id='word_1_16' title='bbox 1204 625 1320 700; x_wconf 90' lang='lat' dir='ltr'>postea</span> 
     </span>
     <span class='ocr_line' id='line_1_4' title="bbox 221 723 1318 810; baseline -0.002 -18"><span class='ocrx_word' id='word_1_17' title='bbox 221 724 398 810; x_wconf 86' lang='lat' dir='ltr'>deperdita.</span> <span class='ocrx_word' id='word_1_18' title='bbox 454 724 596 802; x_wconf 81' lang='lat' dir='ltr'>Quaerat</span> <span class='ocrx_word' id='word_1_19' title='bbox 628 729 733 788; x_wconf 90' lang='lat' dir='ltr'>autem</span> <span class='ocrx_word' id='word_1_20' title='bbox 768 723 939 808; x_wconf 81' lang='lat' dir='ltr'>quispiam,</span> <span class='ocrx_word' id='word_1_21' title='bbox 976 745 1032 790; x_wconf 88' lang='lat' dir='ltr'>our</span> <span class='ocrx_word' id='word_1_22' title='bbox 1066 724 1217 792; x_wconf 86' lang='lat' dir='ltr'>librarius</span> <span class='ocrx_word' id='word_1_23' title='bbox 1255 747 1318 792; x_wconf 92' lang='lat' dir='ltr'>non</span> 
     </span>
     <span class='ocr_line' id='line_1_5' title="bbox 221 833 1318 919; baseline 0 -17"><span class='ocrx_word' id='word_1_24' title='bbox 221 854 343 916; x_wconf 75' lang='lat' dir='ltr'>verene,</span> <span class='ocrx_word' id='word_1_25' title='bbox 377 834 433 917; x_wconf 91' lang='lat' dir='ltr'>qui</span> <span class='ocrx_word' id='word_1_26' title='bbox 454 840 525 918; x_wconf 92' lang='lat' dir='ltr'>post</span> <span class='ocrx_word' id='word_1_27' title='bbox 547 833 630 914; x_wconf 88' lang='lat' dir='ltr'>XVI,</span> <span class='ocrx_word' id='word_1_28' title='bbox 653 835 693 898; x_wconf 87' lang='grc'>60</span> <span class='ocrx_word' id='word_1_29' title='bbox 720 835 752 899; x_wconf 91' lang='lat' dir='ltr'>in</span> <span class='ocrx_word' id='word_1_30' title='bbox 785 835 848 899; x_wconf 90' lang='lat' dir='ltr'>iilis</span> <span class='ocrx_word' id='word_1_31' title='bbox 872 835 1129 919; x_wconf 87' lang='lat' dir='ltr'>inveniebantur,</span> <span class='ocrx_word' id='word_1_32' title='bbox 1163 857 1221 902; x_wconf 90' lang='lat' dir='ltr'>suo</span> <span class='ocrx_word' id='word_1_33' title='bbox 1243 857 1318 902; x_wconf 88' lang='lat' dir='ltr'>oon·</span> 
     </span>
     <span class='ocr_line' id='line_1_6' title="bbox 221 943 1319 1027; baseline 0.001 -16"><span class='ocrx_word' id='word_1_34' title='bbox 221 945 323 1011; x_wconf 84' lang='lat' dir='ltr'>textui</span> <span class='ocrx_word' id='word_1_35' title='bbox 346 943 511 1010; x_wconf 78' lang='lat' dir='ltr'>adiecerit.</span> <span class='ocrx_word' id='word_1_36' title='bbox 550 943 617 1009; x_wconf 89' lang='lat' dir='ltr'>Hoo</span> <span class='ocrx_word' id='word_1_37' title='bbox 642 943 696 1027; x_wconf 92' lang='lat' dir='ltr'>qui</span> <span class='ocrx_word' id='word_1_38' title='bbox 720 943 838 1009; x_wconf 84' lang='lat' dir='ltr'>factum</span> <span class='ocrx_word' id='word_1_39' title='bbox 862 944 904 1009; x_wconf 93' lang='lat' dir='ltr'>sit</span> <span class='ocrx_word' id='word_1_40' title='bbox 923 943 996 1027; x_wconf 89' lang='lat' dir='ltr'>quis</span> <span class='ocrx_word' id='word_1_41' title='bbox 1020 944 1116 1010; x_wconf 92' lang='lat' dir='ltr'>hodie</span> <span class='ocrx_word' id='word_1_42' title='bbox 1133 953 1220 1012; x_wconf 85' lang='lat' dir='ltr'>oerto</span> <span class='ocrx_word' id='word_1_43' title='bbox 1243 966 1319 1012; x_wconf 90' lang='lat' dir='ltr'>enu-</span> 
     </span>
     <span class='ocr_line' id='line_1_7' title="bbox 221 1051 1319 1138; baseline 0 -17"><span class='ocrx_word' id='word_1_44' title='bbox 221 1057 327 1122; x_wconf 88' lang='lat' dir='ltr'>oleare</span> <span class='ocrx_word' id='word_1_45' title='bbox 347 1051 470 1137; x_wconf 77' lang='lat' dir='ltr'>possit?</span> <span class='ocrx_word' id='word_1_46' title='bbox 492 1052 644 1118; x_wconf 80' lang='lat' dir='ltr'>Fortasse</span> <span class='ocrx_word' id='word_1_47' title='bbox 660 1053 768 1118; x_wconf 83' lang='lat' dir='ltr'>sariba</span> <span class='ocrx_word' id='word_1_48' title='bbox 791 1052 878 1118; x_wconf 94' lang='lat' dir='ltr'>illius</span> <span class='ocrx_word' id='word_1_49' title='bbox 894 1053 1026 1132; x_wconf 87' lang='lat' dir='ltr'>oodiois,</span> <span class='ocrx_word' id='word_1_50' title='bbox 1049 1054 1091 1119; x_wconf 94' lang='lat' dir='ltr'>ad</span> <span class='ocrx_word' id='word_1_51' title='bbox 1107 1074 1200 1138; x_wconf 89' lang='lat' dir='ltr'>quem</span> <span class='ocrx_word' id='word_1_52' title='bbox 1217 1057 1319 1121; x_wconf 90' lang='lat' dir='ltr'>nostri</span> 
     </span>
     <span class='ocr_line' id='line_1_8' title="bbox 221 1158 1319 1248; baseline 0.004 -22"><span class='ocrx_word' id='word_1_53' title='bbox 221 1160 297 1227; x_wconf 88' lang='lat' dir='ltr'>libri</span> <span class='ocrx_word' id='word_1_54' title='bbox 320 1180 431 1225; x_wconf 89' lang='lat' dir='ltr'>omnes</span> <span class='ocrx_word' id='word_1_55' title='bbox 454 1158 599 1238; x_wconf 88' lang='lat' dir='ltr'>redeunt,</span> <span class='ocrx_word' id='word_1_56' title='bbox 622 1161 684 1225; x_wconf 91' lang='lat' dir='ltr'>iam</span> <span class='ocrx_word' id='word_1_57' title='bbox 707 1160 792 1225; x_wconf 91' lang='lat' dir='ltr'>alius</span> <span class='ocrx_word' id='word_1_58' title='bbox 815 1160 983 1245; x_wconf 84' lang='lat' dir='ltr'>scriptoris</span> <span class='ocrx_word' id='word_1_59' title='bbox 998 1161 1117 1228; x_wconf 83' lang='lat' dir='ltr'>ueteris</span> <span class='ocrx_word' id='word_1_60' title='bbox 1141 1184 1221 1248; x_wconf 89' lang='lat' dir='ltr'>opus</span> <span class='ocrx_word' id='word_1_61' title='bbox 1244 1165 1319 1230; x_wconf 92' lang='lat' dir='ltr'>sub·</span> 
     </span>
     <span class='ocr_line' id='line_1_9' title="bbox 222 1269 1319 1360; baseline 0.004 -24"><span class='ocrx_word' id='word_1_62' title='bbox 222 1272 379 1348; x_wconf 86' lang='lat' dir='ltr'>iunxerat,</span> <span class='ocrx_word' id='word_1_63' title='bbox 403 1278 437 1334; x_wconf 89' lang='lat' dir='ltr'>ut</span> <span class='ocrx_word' id='word_1_64' title='bbox 459 1269 572 1352; x_wconf 86' lang='lat' dir='ltr'>Persii,</span> <span class='ocrx_word' id='word_1_65' title='bbox 596 1270 651 1353; x_wconf 89' lang='lat' dir='ltr'>qui</span> <span class='ocrx_word' id='word_1_66' title='bbox 674 1269 707 1334; x_wconf 90' lang='lat' dir='ltr'>in</span> <span class='ocrx_word' id='word_1_67' title='bbox 730 1269 898 1360; x_wconf 16' lang='lat' dir='ltr'>Vossiano‘</span> <span class='ocrx_word' id='word_1_68' title='bbox 914 1272 952 1335; x_wconf 84' lang='lat'>18</span> <span class='ocrx_word' id='word_1_69' title='bbox 976 1271 1160 1338; x_wconf 88' lang='lat' dir='ltr'>Iuvenalem</span> <span class='ocrx_word' id='word_1_70' title='bbox 1187 1274 1319 1358; x_wconf 84' lang='lat' dir='ltr'>exeipit,</span> 
     </span>
     <span class='ocr_line' id='line_1_10' title="bbox 221 1378 1318 1466; baseline 0.002 -20"><span class='ocrx_word' id='word_1_71' title='bbox 221 1382 273 1447; x_wconf 86' lang='lat' dir='ltr'>uel</span> <span class='ocrx_word' id='word_1_72' title='bbox 299 1379 395 1445; x_wconf 90' lang='lat' dir='ltr'>vitam</span> <span class='ocrx_word' id='word_1_73' title='bbox 419 1378 594 1460; x_wconf 87' lang='lat' dir='ltr'>Iuvenalis,</span> <span class='ocrx_word' id='word_1_74' title='bbox 617 1386 652 1445; x_wconf 92' lang='lat' dir='ltr'>ut</span> <span class='ocrx_word' id='word_1_75' title='bbox 676 1380 708 1444; x_wconf 90' lang='lat' dir='ltr'>in</span> <span class='ocrx_word' id='word_1_76' title='bbox 726 1380 792 1454; x_wconf 85' lang='grc' dir='ltr'>ΑΗ,</span> <span class='ocrx_word' id='word_1_77' title='bbox 816 1388 870 1445; x_wconf 89' lang='lat' dir='ltr'>aut</span> <span class='ocrx_word' id='word_1_78' title='bbox 890 1380 1013 1464; x_wconf 89' lang='lat' dir='ltr'>aliquid</span> <span class='ocrx_word' id='word_1_79' title='bbox 1034 1402 1198 1464; x_wconf 86' lang='lat' dir='ltr'>nugarum,</span> <span class='ocrx_word' id='word_1_80' title='bbox 1224 1384 1318 1466; x_wconf 88' lang='lat' dir='ltr'>quale</span> 
     </span>
     <span class='ocr_line' id='line_1_11' title="bbox 221 1488 1320 1574; baseline 0.004 -20"><span class='ocrx_word' id='word_1_81' title='bbox 221 1489 369 1556; x_wconf 87' lang='lat' dir='ltr'>monaehi</span> <span class='ocrx_word' id='word_1_82' title='bbox 391 1488 511 1555; x_wconf 86' lang='lat' dir='ltr'>addere</span> <span class='ocrx_word' id='word_1_83' title='bbox 539 1494 656 1563; x_wconf 90' lang='lat' dir='ltr'>amant,</span> <span class='ocrx_word' id='word_1_84' title='bbox 688 1491 797 1554; x_wconf 91' lang='lat' dir='ltr'>autin</span> <span class='ocrx_word' id='word_1_85' title='bbox 820 1489 932 1556; x_wconf 87' lang='lat' dir='ltr'>oodioe</span> <span class='ocrx_word' id='word_1_86' title='bbox 962 1492 1024 1555; x_wconf 90' lang='lat' dir='ltr'>iam</span> <span class='ocrx_word' id='word_1_87' title='bbox 1048 1493 1241 1574; x_wconf 87' lang='lat' dir='ltr'>tegumentis</span> <span class='ocrx_word' id='word_1_88' title='bbox 1270 1513 1320 1558; x_wconf 90' lang='lat' dir='ltr'>or-</span> 
     </span>
     <span class='ocr_line' id='line_1_12' title="bbox 221 1598 1317 1684; baseline 0.001 -18"><span class='ocrx_word' id='word_1_89' title='bbox 221 1605 299 1666; x_wconf 88' lang='lat' dir='ltr'>nato</span> <span class='ocrx_word' id='word_1_90' title='bbox 321 1620 383 1665; x_wconf 92' lang='lat' dir='ltr'>non</span> <span class='ocrx_word' id='word_1_91' title='bbox 407 1598 487 1665; x_wconf 87' lang='lat' dir='ltr'>satis</span> <span class='ocrx_word' id='word_1_92' title='bbox 509 1600 605 1684; x_wconf 87' lang='lat' dir='ltr'>spatii</span> <span class='ocrx_word' id='word_1_93' title='bbox 630 1599 775 1665; x_wconf 85' lang='lat' dir='ltr'>relietum</span> <span class='ocrx_word' id='word_1_94' title='bbox 799 1611 877 1679; x_wconf 86' lang='lat' dir='ltr'>erat,</span> <span class='ocrx_word' id='word_1_95' title='bbox 901 1606 957 1664; x_wconf 90' lang='lat' dir='ltr'>aut</span> <span class='ocrx_word' id='word_1_96' title='bbox 976 1600 1062 1683; x_wconf 91' lang='lat' dir='ltr'>quod</span> <span class='ocrx_word' id='word_1_97' title='bbox 1085 1602 1115 1666; x_wconf 92' lang='lat' dir='ltr'>in</span> <span class='ocrx_word' id='word_1_98' title='bbox 1140 1622 1201 1667; x_wconf 90' lang='lat' dir='ltr'>sua</span> <span class='ocrx_word' id='word_1_99' title='bbox 1223 1622 1317 1669; x_wconf 88' lang='lat' dir='ltr'>mern·</span> 
     </span>
     <span class='ocr_line' id='line_1_13' title="bbox 221 1707 1319 1793; baseline 0.004 -20"><span class='ocrx_word' id='word_1_100' title='bbox 221 1708 323 1774; x_wconf 86' lang='lat' dir='ltr'>brana</span> <span class='ocrx_word' id='word_1_101' title='bbox 350 1728 412 1773; x_wconf 91' lang='lat' dir='ltr'>non</span> <span class='ocrx_word' id='word_1_102' title='bbox 442 1707 610 1773; x_wconf 88' lang='lat' dir='ltr'>invenerat</span> <span class='ocrx_word' id='word_1_103' title='bbox 633 1708 740 1772; x_wconf 86' lang='lat' dir='ltr'>soriba</span> <span class='ocrx_word' id='word_1_104' title='bbox 766 1726 807 1772; x_wconf 84' lang='lat' dir='ltr'>ex</span> <span class='ocrx_word' id='word_1_105' title='bbox 834 1709 898 1773; x_wconf 90' lang='lat' dir='ltr'>aiio</span> <span class='ocrx_word' id='word_1_106' title='bbox 929 1708 1106 1793; x_wconf 82' lang='lat' dir='ltr'>exemplari</span> <span class='ocrx_word' id='word_1_107' title='bbox 1134 1709 1319 1777; x_wconf 79' lang='lat' dir='ltr'>adscribere</span> 
     </span>
     <span class='ocr_line' id='line_1_14' title="bbox 221 1817 708 1892; baseline -0.008 -7"><span class='ocrx_word' id='word_1_108' title='bbox 221 1818 403 1892; x_wconf 82' lang='lat' dir='ltr'>verebatur,</span> <span class='ocrx_word' id='word_1_109' title='bbox 423 1821 483 1883; x_wconf 78' lang='lat' dir='ltr'>&#39;aut</span> <span class='ocrx_word' id='word_1_110' title='bbox 505 1817 572 1882; x_wconf 87' lang='lat' dir='ltr'>alia</span> <span class='ocrx_word' id='word_1_111' title='bbox 594 1818 708 1882; x_wconf 85' lang='lat' dir='ltr'>omnia.</span> 
     </span>
    </p>
   </div>
   <div class='ocr_carea' id='block_1_3' title="bbox 0 0 1433 4906">
    <p class='ocr_par' dir='ltr' id='par_1_3' title="bbox 0 0 1433 4906">
     <span class='ocr_line' id='line_1_15' title="bbox 0 0 1433 4906; baseline 0 0"><span class='ocrx_word' id='word_1_112' title='bbox 0 0 1433 4906; x_wconf 95' lang='lat' dir='ltr'> </span> 
     </span>
    </p>
   </div>
  </div>
 </body>
</html>
