2856 4906
691 336 726 396 el

163 499 251 585 opud
278 499 420 571 Seruium
448 508 633 590 mapistrum
662 515 787 573 saturas
813 507 921 590 tenerit
947 507 1030 574 alins
1058 507 1260 590 grammatici

163 635 262 698 opera
283 637 344 680 non
376 616 509 682 abusum
533 638 617 693 essm
652 618 857 701 quamobrem
883 618 1089 702 llpioarpinm
1119 626 1151 684 et
1175 619 1260 683 Exu-

163 725 343 807 perantium
366 725 489 792 Nicaeo
517 727 714 809 aliquantulo
738 727 905 792 interiores
935 736 1052 811 putem.
1096 728 1137 792 Hi
1163 729 1261 812 igitur

162 841 219 898 aut
242 834 355 900 Nicaei
380 838 554 920 exemplar,
578 835 646 901 sive
662 856 743 918 opus
765 836 936 902 videbatur
953 836 1022 901 sive
1039 838 1168 916 libebat,
1192 859 1261 903 mu·

162 948 307 1009 taverunt
339 951 395 1009 aut
434 945 632 1011 recensionis
669 944 866 1011 Pithoeanae
904 954 1016 1012 testem
1048 967 1088 1011 ex
1126 948 1261 1013 alterius

162 1054 276 1119 classis
296 1063 500 1120 monumento
523 1062 737 1121 correxerunt.
776 1056 895 1120 Eodem
914 1076 989 1141 ergo
1009 1065 1084 1121 tuno
1107 1055 1141 1120 hi
1166 1060 1260 1122 modo

163 1172 306 1245 egerunt,
340 1184 403 1246 quo
428 1164 623 1249 subscriptio
655 1165 713 1230 illa
733 1166 930 1246 notissima1)
964 1167 995 1230 in
1029 1166 1260 1250 prophetarum

163 1272 274 1354 codice
297 1272 545 1338 Claromontano
568 1281 703 1340 testatur
722 1295 762 1340 ex
779 1273 924 1356 Originis
944 1276 1121 1358 exemplari
1140 1275 1260 1341 fecisse

162 1380 365 1465 Pamphilum
398 1383 645 1466 Eusebiumque,
680 1405 720 1449 ex
752 1384 801 1449 bis
828 1384 1074 1467 Apollinarium,
1106 1391 1162 1448 aut
1196 1403 1260 1466 qno

163 1490 313 1556 Caesaris
346 1493 590 1558 commentarios
625 1500 697 1576 post
725 1493 852 1558 Celsum
886 1495 1046 1559 recensuit
1080 1494 1259 1578 Lupicinus

162 1610 219 1665 aut
240 1600 389 1677 Statilius
415 1600 575 1666 Maximus
599 1601 786 1667 Ciceronem
814 1601 998 1668 enrendavit
1019 1602 1072 1684 ‚ad
1096 1604 1259 1686 'Pyronem

163 1717 195 1775 et
219 1708 461 1775 Laetanianum‘
484 1711 586 1790 etc2).

166 1880 169 1885 .
263 1819 332 1884 Hoc
359 1817 445 1900 quod
474 1819 615 1884 secundo
642 1819 712 1886 loco
744 1822 847 1904 posui,
880 1820 1000 1885 factum
1024 1840 1095 1886 esse
1123 1822 1261 1886 fortasse

163 1930 261 1995 verba
289 1929 384 1994 huius
413 1928 658 2012 subscriptionis
688 1929 812 1996 docent.
856 1930 971 1996 Munus
1001 1929 1192 1994 emendandi
1217 1933 1261 1995 ita

163 2038 247 2103 inter
270 2037 478 2122 Epicarpium
502 2046 533 2104 et
552 2039 805 2122 quperantinm
822 2038 1025 2104 distributum
1048 2039 1150 2104 l'uisse
1172 2038 1260 2103 vide-

162 2153 223 2220 tur,
258 2154 291 2212 ut
319 2148 373 2213 ille
400 2147 543 2212 codicem
568 2148 683 2214 Nicaei
715 2156 825 2213 contra
859 2149 1022 2230 legeret3),
1059 2147 1111 2212 bic
1143 2155 1257 2213 testem

163 2257 308 2338 germani
331 2256 494 2321 Iuvenalis
517 2277 558 2321 ex
581 2276 618 2322 eo
641 2256 834 2322 emendaret.

261 2365 327 2432 Sed
344 2367 408 2430 iarn
424 2367 615 2431 conantibus
639 2367 809 2444 extricare,
832 2385 912 2447 quas
928 2367 1120 2431 mutationes
1137 2366 1261 2431 Nicaeo

163 2497 244 2558 quas
277 2477 450 2560 Epicarpio
483 2477 689 2560 imputemus,
722 2477 865 2541 maxima
898 2477 1041 2541 exoritur·
1073 2477 1260 2558 difficultas,

163 2606 257 2668 quarn
292 2592 325 2650 ut
357 2604 508 2666 superare
539 2587 699 2669 possimus
732 2604 852 2650 vereor.
897 2586 978 2650 Nam
1011 2593 1129 2651 temere
1162 2594 1260 2668 atque

164 2713 381 2779 praepropere
410 2693 576 2769 indicaret,
610 2692 637 2758 si
668 2695 739 2776 quis
768 2700 896 2777 putaret
925 2695 1134 2780 Epioarpium
1169 2696 1260 2773 lucie,

264 2900 289 2966 1)
308 2897 359 2952 cfr.
378 2897 436 2950 dos.
457 2896 553 2964 cozzo,
572 2896 639 2950 bibl.
659 2913 728 2950 sacr.
748 2900 803 2950 vet.
823 2896 923 2967 fragm.
943 2915 970 2965 p.
989 2897 1105 2951 XXXlV
1124 2916 1163 2966 sq.

262 2997 289 3064 2)
310 2995 359 3050 cfr.
379 2994 462 3054 Jahn.
483 2995 545 3048 Ber.
565 2993 613 3048 der
630 2995 715 3048 sciolus.
736 2993 796 3049 Ges.
815 2995 863 3048 der
883 2994 965 3048 Wtss.
979 2994 1028 3062 Ill,
1048 2994 1115 3048 1851
1136 3012 1184 3064 pg.
1198 2995 1261 3063 359,

163 3096 224 3162 399,
242 3095 303 3162 335,
322 3093 383 3147 354.

262 3191 291 3260 3)
310 3190 359 3244 cfr.
377 3189 452 3244 John
479 3188 497 3242 l.
517 3189 535 3242 l.
555 3206 601 3258 pg.
620 3187 671 3241 351
702 3193 797 3241 contro
825 3188 923 3257 tepente
951 3188 1080 3243 Denterc'o
1104 3189 1262 3243 scholastico

164 3287 311 3356 discipula·
330 3305 376 3357 pg.
396 3287 449 3340 353
468 3284 761 3354 conserente-mopistro
780 3284 878 3339 Felice.

263 3385 295 3438 In
314 3384 515 3453 subscriptione
535 3383 624 3436 altera
642 3382 723 3436 valde
742 3399 785 3435 me
805 3381 920 3435 offendit
934 3381 1154 3435 additamentum
1173 3398 1260 3438 scruto.

164 3481 270 3535 Nomen
295 3481 489 3550 Exuperantii,
517 3498 567 3549 per
587 3498 615 3534 se
639 3497 720 3533 sonus
743 3478 827 3547 pleni,
856 3478 952 3532 eadem
980 3481 1071 3532 aetate
1099 3478 1261 3532 hominibus

164 3580 313 3646 nobilibus,
339 3579 433 3646 quales
453 3582 518 3631 sunt
541 3577 661 3646 episcopi
682 3581 710 3630 et
733 3575 891 3646 praefectus
909 3575 1097 3642 Aremoricae,
1126 3579 1154 3628 et
1173 3576 1262 3630 servis

164 3676 285 3730 inditum
302 3693 359 3730 esse
379 3680 410 3730 ut
430 3675 568 3730 credama
584 3692 629 3727 me
648 3674 799 3742 impetrare
811 3688 926 3739 nequeo.
953 3672 1057 3726 Contra
1069 3672 1262 3741 Epicarpium,

164 3773 304 3829 hominem
322 3772 443 3827 nominis
462 3772 563 3840 graeei,
582 3787 683 3841 genere
703 3770 795 3823 minus
814 3768 902 3822 nobili
920 3768 1005 3823 fuisse
1023 3773 1127 3837 putem.
1163 3768 1262 3837 Itaque

164 3872 192 3926 in
211 3871 413 3939 subscriptione
432 3869 488 3938 legi
501 3869 582 3922 velim
602 3871 662 3921 aut:
683 3866 817 3920 corruente
830 3865 1007 3933 exuperantio
1019 3866 1113 3918 sermio
1133 3870 1182 3919 ant.
1196 3866 1262 3919 scri·

163 3969 251 4023 beatis
275 3966 450 4036 exuperantii
473 3981 559 4019 cauo.
596 3962 813 4032 Exuperantius,
842 3962 982 4015 Romanus
1002 3962 1127 4031 illustris,
1155 3964 1262 4017 auxilio

163 4066 283 4120 hominis
308 4064 383 4118 docti
403 4082 469 4117 usus
488 4062 571 4131 (sicut
590 4059 769 4128 Symmachus
788 4058 969 4127 Macrobium,
998 4059 1152 4113 Mavortius
1171 4060 1261 4130 magi·

163 4171 251 4221 strum
270 4165 391 4219 Felicem
410 4162 529 4217 adscivit
548 4160 598 4215 cfr.
616 4160 690 4214 Jahn
709 4161 728 4214 l.
747 4160 765 4213 1.
784 4177 830 4229 pg.
851 4160 902 4214 347
922 4163 950 4213 et
969 4160 1033 4229 353)
1052 4165 1160 4215 textum
1182 4163 1260 4217 luve-

164 4265 233 4318 nalis
253 4264 363 4315 insertis
383 4261 498 4313 alterius
517 4258 686 4313 recensionis
704 4258 868 4312 lectionibus
887 4259 1072 4325 ‚emendavit‘.
