2856 4906
752 311 788 385 sc

317 496 534 576 Membranam
558 499 640 565 hanc
672 500 735 567 iam
758 514 842 564 nono
870 500 998 565 saeculo
1026 507 1192 565 exaratam
1216 499 1323 567 fuisse

218 617 304 675 recte
320 611 410 684 Beer,
425 609 584 683 definivit;
608 609 911 675 namPithoeanum
930 615 997 674 tum
1015 630 1078 674 non
1101 631 1232 676 manum
1248 630 1320 676 onr-

218 720 361 798 reotoris‚
397 719 429 783 id
463 720 549 802 quod
578 740 663 790 saec.
696 720 738 784 X.
770 720 888 785 tactum
923 727 980 802 est,
1014 728 1181 804 expertum
1213 721 1320 787 fuisse

218 828 454 894 demonstratur
483 829 686 910 lectionibus,
724 828 839 910 quibus
873 828 1026 894 differunt
1058 829 1133 894 libri
1167 850 1187 893 a
1219 851 1321 896 manu

217 939 318 1003 altera
341 939 429 1007 illius
452 945 487 1004 ut
510 939 534 1017 l,
556 940 615 1002 156
637 943 761 1021 patiare
783 960 855 1021 p-
871 944 999 1019 pectore
1013 939 1110 1012 PAM,
1133 938 1175 1021 11,
1190 942 1229 1003 31
1254 941 1323 1020 ipsi

219 1065 296 1130 p--
310 1049 390 1128 ipsis
410 1047 476 1125 ΡΟ,
497 1046 555 1125 IIl,
571 1048 612 1111 80
633 1046 753 1112 achivis
776 1067 852 1131 p÷
869 1047 990 1112 ottenis
1012 1047 1075 1128 Po,
1098 1049 1151 1127 Vl,
1168 1050 1208 1113 52
1233 1055 1322 1114 necte

218 1174 293 1239 p—
309 1156 399 1221 tende
421 1155 484 1231 ΡΟ,
507 1156 568 1220 521
592 1156 755 1238 calidoque
784 1177 859 1240 p.-
875 1156 1054 1238 calidusque
1075 1157 1139 1238 ΡΟ,
1164 1157 1234 1236 Vll,
1257 1159 1321 1222 105

216 1270 261 1334 ea
283 1285 304 1348 p
324 1302 357 1310 -
377 1286 438 1330 om.
461 1265 525 1343 ΡΟ,
547 1266 616 1342 XV,
642 1266 684 1330 44
706 1265 828 1332 horridi
850 1286 871 1348 p
891 1301 926 1310 —
943 1265 1073 1331 horrida
1096 1266 1159 1346 ΡΟ,
1183 1273 1244 1333 eto.

317 1374 489 1440 Praeterea
507 1374 714 1441 inveniuntur
736 1376 909 1440 nonnullae
926 1375 1088 1441 luvenalis
1111 1375 1320 1442 membranae
1355 1395 1357 1400 ·

217 1484 333 1550 classis
356 1491 525 1568 corruptae
550 1504 634 1551 saec.
657 1485 705 1549 lX
728 1485 911 1568 scriptae1).

315 1594 374 1659 llle
397 1595 494 1678 igitur
512 1594 602 1671 liber,
626 1595 680 1676 qui
704 1614 744 1659 ex
766 1594 836 1677 ipso
852 1593 1029 1659 Pithoeano
1051 1593 1244 1681 descriptus
1257 1602 1321 1678 ost,

218 1705 321 1787 primo
354 1724 463 1770 veram
496 1703 666 1770 Pithoeani
699 1703 873 1786 imaginem
905 1704 1047 1786 effinxit,
1080 1705 1175 1787 paulo
1208 1711 1320 1770 autem

218 1820 292 1897 post
307 1814 460 1880 lectiones
474 1813 607 1879 alterins
623 1813 738 1879 classis
760 1812 907 1878 invectae
923 1820 998 1878 sunt
1019 1814 1135 1896 partim
1160 1813 1192 1878 in
1210 1813 1318 1896 ipsum

218 1929 340 1990 textum
370 1942 464 1989 erasa
496 1924 639 2006 genuina
666 1921 826 2005 scriptura
849 1921 964 2005 partim
998 1923 1237 2006 superscriptae
1270 1925 1319 1988 in·

218 2035 314 2100 ducto
342 2041 466 2099 tantum
495 2034 592 2099 verbo
620 2033 810 2116 germano2t.
854 2033 1033 2115 sequentes
1056 2040 1163 2098 autem
1188 2033 1319 2098 scribae

218 2143 276 2208 has
300 2144 454 2210 lectiones
478 2151 572 2227 prout
599 2143 714 2224 cuique
737 2142 924 2208 arridebant
946 2149 1001 2207 aut
1023 2143 1132 2208 oculos
1154 2142 1318 2221 tenebant,

218 2254 290 2337 plus
314 2254 419 2320 minus
441 2256 473 2318 iu
497 2259 619 2319 textum
642 2262 841 2335 receperunt.

314 2363 408 2428 Nono
441 2382 517 2446 ergo
552 2362 681 2428 saeculo
714 2362 905 2426 exstiterunt
937 2363 1084 2445 exempla
1118 2361 1315 2427 recensionis

218 2491 417 2498 *-

318 2557 344 2624 1)
364 2556 414 2610 cfr.
434 2557 505 2610 Beer
523 2557 541 2610 1.
561 2556 579 2609 l.
599 2573 646 2626 pg.
666 2555 709 2609 49.

216 2642 316 2707 Eidem
344 2639 452 2707 saeculo
482 2653 614 2706 attribuit
641 2652 685 2704 W.
709 2642 839 2705 Foerster
869 2641 1009 2720 (Zeitccbr.
1040 2651 1061 2718 f.
1090 2656 1184 2706 cisterc.
1216 2652 1316 2722 Gyara.

217 2751 352 2819 XXVII,
371 2754 442 2804 1876
460 2766 506 2819 pp.
525 2754 581 2805 258
599 2749 666 2819 sqq.)
684 2753 794 2817 partem
812 2748 916 2802 codicis
938 2748 1024 2802 Paris.
1044 2751 1122 2811 1906,
1147 2767 1218 2818 quae
1237 2750 1317 2803 luve-

216 2847 307 2901 nalem
327 2851 442 2916 spectat,
463 2846 558 2914 ibique
576 2845 680 2914 publici
700 2845 768 2898 iuris
787 2844 859 2899 feeit.
897 2845 991 2898 Etiam
1010 2844 1055 2899 hie
1073 2845 1146 2899 liber
1164 2846 1316 2915 permultis

215 2944 282 2998 locis
300 2961 363 2998 cum
384 2943 405 2996 P
425 2943 575 3012 conspirat,
594 2947 626 2996 ut
645 2943 691 3010 lV,
711 2943 753 3010 13,
772 2942 815 3004 85,
837 2942 896 3004 121,
916 2941 949 3003 V,
970 2943 1012 3008 10,
1032 2941 1078 3010 Vl,
1097 2943 1157 3005 109,
1178 2944 1238 3010 131,
1251 2943 1315 3012 419,

215 3026 498 3107 salamandras,
518 3039 578 3107 123,
598 3039 656 3099 139,
678 3038 728 3092 151
748 3037 865 3106 (beliat),
884 3038 945 3104 214,
964 3037 1039 3098 VIII,
1060 3039 1075 3091 1
1094 3055 1148 3091 non
1168 3055 1231 3100 om,
1251 3039 1289 3092 al,

315 3137 376 3191 Hoc
398 3137 458 3205 ipso
484 3137 594 3192 saeculo
621 3136 763 3206 exemplar
791 3140 948 3189 saturarum
975 3135 1004 3188 in
1027 3135 1190 3204 Hispaniam
1219 3154 1314 3191 secum

214 3240 340 3303 portasse
352 3234 504 3304 Eulogium
522 3251 565 3287 me
584 3233 693 3287 monuit
706 3232 871 3300 Buecheler3
891 3231 941 3285 eir.
955 3232 1091 3286 Albanum
1107 3233 1207 3304 Eulog.
1223 3234 1274 3288 vit.
1288 3237 1315 3302 3,

216 3331 233 3387 9
252 3334 368 3398 (poetar.
388 3332 436 3384 lat.
457 3330 540 3384 medii
560 3330 619 3383 aevi
641 3329 689 3398 111,
710 3331 771 3397 lp.
792 3329 867 3396 mn:
897 3328 1043 3398 Eulopios]
1069 3328 1100 3382 irc
1123 3330 1317 3397 Pampilunen·

215 3427 286 3479 sium
305 3427 446 3481 territoria
465 3428 536 3481 ultro
552 3427 732 3496 proprediens
748 3426 941 3480 monasteriam
960 3426 1050 3480 eoacti
1063 3427 1195 3480 Zaccorie
1211 3426 1317 3496 inpres-

215 3539 262 3576 sas
288 3530 313 3577 et
338 3524 453 3579 oliorum
479 3524 591 3578 cenobio
612 3525 735 3592 ipsoram
758 3523 897 3592 cepionem
918 3565 923 3576 .
945 3565 949 3576 .
972 3539 1155 3591 percurreres
1176 3565 1181 3576 .
1203 3565 1208 3576 .
1229 3565 1235 3577 .
1253 3524 1320 3579 inde

215 3637 301 3675 secura
327 3621 423 3674 libro—m
448 3613 569 3675 ciuitatis
596 3619 742 3674 beatissimi
762 3619 913 3689 Asopos-tini
938 3625 962 3674 et
981 3619 1103 3674 Eaeidos
1128 3619 1240 3689 Verpilii
1259 3621 1319 3676 siae

216 3717 356 3772 Iubeaolis
378 3716 500 3773 metricos
516 3718 610 3772 itidem
629 3718 713 3771 libros
731 3721 814 3785 atque
827 3715 918 3771 Oratii
931 3716 1028 3771 Flacci
1045 3722 1174 3770 saturata
1190 3723 1320 3785 poemata

214 3830 260 3868 seu
281 3815 398 3882 Porfirii
423 3815 550 3884 depincto
576 3814 710 3884 opusculo
737 3814 776 3868 oei
807 3813 954 3868 Adbelrlmi
982 3815 1207 3882 epr'proromatam
1233 3829 1320 3883 opero

214 3929 263 3967 orec
280 3929 334 3966 aon
356 3913 454 3968 Abiecti
470 3912 563 3980 fabule
582 3912 689 3966 oretrrce
709 3953 714 3964 .
737 3953 742 3964 .
763 3952 768 3964 .
792 3910 941 3979 reportabit
962 3909 1132 3977 (Cordubam
1152 3926 1224 3963 anno
1243 3911 1319 3979 648).

314 4010 341 4077 2)
361 4009 407 4076 Vl,
425 4010 477 4063 635
497 4009 544 4062 ubi
565 4009 588 4061 H
608 4007 734 4062 exhibet:
764 4006 891 4087 Qec
909 4005 1009 4075 opressi
1032 4011 1056 4059 et
1080 4005 1159 4072 finem
1184 4006 1320 4075 opemque

215 4117 243 4169 in
263 4116 416 4226 archetyppt
429 4120 602 4236 primirum
622 4113 700 4168 codd.
727 4114 795 4167 dett.
825 4112 961 4166 exstitisse
983 4111 1095 4164 videtur
1118 4112 1157 4165 sic
1183 4111 1256 4166 lere:
1288 4118 1316 4185 et

212 4238 295 4322 (irrep
312 4239 419 4308 opressa}
439 4240 580 4307 lepeorqae.
