2856 4906
696 317 730 372 97

163 487 459 555 111111111111111111
487 492 521 540 11·
543 486 657 539 taudem
686 485 794 554 pudore
823 485 955 554 egestatis
986 501 1124 539 uenenum
1153 502 1262 541 sumens

163 590 290 639 mortuus
319 589 362 638 est
434 583 517 653 32l33
541 582 691 637 Pisciculos
716 582 839 636 minutos
863 582 932 635 dicit
960 583 1063 636 nullius
1086 584 1172 651 precii
1195 602 1263 653 quos

163 682 260 751 inopes
286 682 315 735 in
341 681 438 751 egipto
462 679 616 734 uenditant.
648 679 694 733 hic
712 679 795 748 piscis
819 679 952 748 pessimus
980 695 1075 732 recens
1100 680 1263 734 manducari

163 797 220 834 non
239 782 340 847 potest.
378 778 421 831 Ex
440 778 579 847 piscatore
598 777 692 844 inquit
710 777 799 830 factus
819 779 880 829 erat
900 776 1029 844 princeps
1047 777 1173 845 equiturn
1229 779 1263 832 37

162 876 263 930 Flauio
276 875 368 946 gentis
387 874 518 928 ultimum
531 873 718 927 domicianum
737 873 814 927 dicit.
836 871 888 927 hoc
905 875 979 926 enim
994 866 1092 926 ordine
1110 879 1264 944 regnarunt

163 991 231 1029 uero
256 973 436 1042 nespasianus
459 972 528 1024 titus
552 976 581 1024 11
605 971 776 1024 domicianus
849 970 882 1023 61
901 969 1020 1024 Romani
1045 970 1096 1023 sub
1115 971 1196 1024 tullio
1216 970 1263 1025 111-

164 1072 241 1125 stilio
260 1087 323 1124 cum
349 1070 440 1123 albam
460 1068 615 1137 diriperent
639 1072 667 1121 et
691 1085 769 1122 sacra
793 1067 898 1121 uellent
916 1084 1023 1120 romam
1046 1068 1167 1122 transire
1185 1073 1263 1123 tanta

165 1171 282 1238 repente
299 1167 409 1236 grando
421 1166 506 1220 missa
525 1171 567 1219 est
587 1169 617 1218 ut
635 1164 832 1234 intellegerent
850 1181 865 1217 a
883 1164 938 1217 suis
957 1164 1024 1218 locis
1037 1181 1115 1218 sacra
1132 1183 1188 1218 non
1206 1183 1263 1221 esse

166 1264 305 1318 mouenda
357 1263 392 1317 68
411 1261 530 1329 Quidam
548 1262 646 1332 legunt
664 1261 775 1331 sagittis
794 1261 812 1313 i.
833 1259 1079 1315 exercitationibus
1098 1262 1262 1331 sagittarum

165 1360 351 1430 digestionem
369 1359 425 1413 cibi
443 1362 588 1427 comparat
642 1358 677 1411 04
695 1357 747 1411 Η11
766 1358 863 1411 consul
880 1357 935 1410 suit
953 1357 1005 1410 sub
1025 1356 1181 1412 domiciano
1229 1360 1263 1412 95

165 1457 198 1510 Id
218 1460 261 1510 est
284 1473 345 1510 cum
368 1453 427 1508 filio
448 1454 564 1508 domitio
588 1471 669 1522 quem
694 1470 757 1507 cum
778 1470 845 1506 nero
871 1453 1015 1507 occidisset
1037 1453 1127 1522 ipsum
1153 1456 1263 1509 acilium

164 1571 219 1623 quo
239 1570 325 1623 penas
345 1552 461 1606 sentiret
480 1551 596 1605 orbitati
615 1551 734 1604 seruiret
757 1551 816 1615 (sici
891 1551 942 1603 103
960 1546 1115 1620 Tarquinio
1134 1553 1262 1620 superbo

164 1650 329 1720 proplexam
343 1649 416 1703 enim
435 1648 552 1703 barbam
571 1647 672 1701 habuit
726 1646 776 1700 107
796 1646 904 1700 Acerbe
922 1650 1049 1700 uentrem
1067 1648 1162 1715 potius
1181 1666 1264 1716 quam

163 1748 254 1816 ipsum
275 1745 382 1800 uenisse
400 1745 469 1799 dicit
532 1744 583 1798 112
603 1744 709 1798 Fuscus
727 1742 772 1797 hic
790 1743 841 1795 sub
860 1743 1012 1797 domitiano
1032 1744 1166 1799 exercitui
1185 1763 1263 1814 prae-

164 1843 273 1912 positus
292 1843 321 1897 in
335 1843 422 1897 Dacia
441 1843 527 1912 periit
588 1841 639 1895 123
657 1840 690 1893 ld
709 1844 751 1894 est
768 1857 863 1894 musca
882 1858 964 1908 quarn
984 1841 1082 1895 rustici
1101 1842 1200 1897 asilum
1220 1846 1264 1898 uel

165 1939 302 1994 tabanum
320 1943 423 1993 nocant
496 1920 545 1991 141
566 1953 587 1990 1.
609 1937 955 2005 1428111111111111111.

266 2109 297 2170 V,
318 2112 351 2165 17
371 2109 471 2164 Tribus
490 2109 564 2164 enim
582 2110 661 2164 lectis
681 2110 860 2178 antiquorum
879 2127 945 2163 cene
967 2112 1147 2179 parabantur.
1185 2113 1264 2168 Unde

165 2209 289 2265 triclinia
308 2207 473 2262 dicebantur
529 2207 564 2260 20
582 2206 696 2260 Subaud
715 2207 863 2261 calciarum
884 2224 946 2260 cum
963 2207 1143 2262 festinatione
1161 2214 1190 2263 et
1208 2228 1263 2263 non

164 2308 256 2362 nullas
275 2323 355 2360 ansas
375 2305 464 2374 calige
482 2304 626 2373 preterire.
665 2303 746 2358 Dicte
760 2309 852 2358 autem
870 2305 1003 2375 ligulaea
1021 2306 1135 2375 ligando
1155 2307 1184 2360 id
1200 2312 1265 2361 sunt

168 2420 232 2457 ause
259 2401 505 2455 calciamentorum
577 2399 662 2453 24111
682 2403 724 2453 est
742 2417 815 2454 noua
839 2418 895 2454 non
913 2402 970 2455 lota
989 2419 1060 2470 quae
1079 2420 1141 2456 cum
1160 2403 1263 2473 tingui-

166 2503 212 2552 tur
231 2498 352 2567 pessimo
373 2497 437 2550 uino
464 2496 643 2565 perfunditur
715 2496 749 2550 25
767 2496 799 2549 ld
818 2501 861 2550 est
879 2497 1033 2552 lunaticum
1052 2499 1098 2552 uel
1117 2505 1262 2554 amentem.

167 2594 212 2651 Sic
231 2594 304 2649 enim
323 2595 398 2647 malo
416 2595 482 2648 uino
501 2598 607 2648 mentes
626 2594 777 2648 turbantur
791 2587 929 2663 quomodo
949 2595 1013 2649 lana
1031 2595 1119 2650 tincta
1138 2601 1263 2651 mutatur

164 2691 199 2747 34
220 2734 226 2745 .
247 2733 253 2746 .
274 2733 279 2744 .
300 2709 371 2760 quae
391 2693 504 2746 uascula
526 2691 664 2745 terencius
689 2690 1088 2763 <11111460>11111111111
1158 2695 1262 2748 4411-

163 2807 237 2845 nean
255 2788 324 2842 dicit
337 2788 414 2841 cuius
433 2789 543 2858 gladius
562 2788 697 2857 iaspidem
712 2788 810 2842 habuit
829 2793 861 2842 ut
880 2789 1008 2858 uirgilius
1028 2790 1112 2859 <Aera
1127 2790 1148 2842 I
1152 2791 1181 2859 V,
1192 2792 1263 2860 261)

165 2891 251 2956 atque
277 2885 320 2938 illi
341 2887 469 2939 stellatus
497 2885 603 2954 iaspide
627 2884 704 2939 fulua
733 2886 804 2939 ensis
824 2890 885 2939 1111
957 2887 992 2939 48
1011 2885 1150 2955 Sulphure
1174 2890 1263 2943 solent

166 2984 272 3036 nitrum
291 2981 411 3036 solidare
430 2983 448 3035 1.
467 2983 587 3036 maltare
643 2984 677 3036 66
696 2981 936 3036 PROVERBIVM
1000 2984 1035 3038 90
1053 2984 1114 3038 Η11
1133 2985 1193 3039 1111
1212 3004 1262 3054 pu-

163 3079 237 3134 tenti
255 3079 324 3149 ungi
341 3079 440 3132 solitus
459 3084 520 3134 erat
544 3080 589 3134 uel
608 3084 682 3134 certe
702 3080 770 3133 ciuis
789 3081 969 3150 tripolitanus
989 3085 1050 3134 erat
1123 3083 1172 3135 121
1193 3083 1263 3136 Pan·

163 3177 311 3231 tomimum
334 3176 473 3247 significat
496 3179 624 3232 manibus
650 3178 864 3248 gesticulantem
936 3178 987 3232 127
1007 3179 1053 3248 (gt.
1072 3179 1173 3247 interl.)
1192 3185 1262 3234 tam·

163 3290 249 3342 quam
267 3272 314 3327 sur
333 3274 369 3328 sis
426 3275 477 3329 153
497 3275 615 3343 Quidam
640 3275 739 3329 uolunt
757 3274 926 3344 gladiatores
952 3275 1078 3346 intellegi
1098 3277 1146 3344 qui
1166 3284 1263 3333 contra

163 3375 257 3425 castra
276 3371 419 3440 praetoria
438 3373 588 3426 manebant
614 3376 642 3426 et
660 3390 756 3427 eorum
774 3372 904 3426 lanistam
923 3374 971 3440 qui
991 3389 1054 3427 cum
1073 3374 1155 3429 nimis
1173 3375 1263 3430 horri-

162 3467 214 3522 dus
233 3473 305 3523 esset
324 3470 430 3539 capella
449 3470 603 3524 dicebatur.
1211 3459 1217 3470 '

262 3631 342 3702 'VI,8
363 3633 489 3688 Amicam
509 3635 606 3688 catulli
626 3634 695 3688 dicit
715 3635 794 3688 cuius
812 3652 953 3704 passerem
971 3637 1125 3690 extinctum
1145 3639 1262 3692 catullus

163 3728 284 3796 quodam
303 3730 436 3798 opusculo
456 3728 540 3783 deflet
605 3731 639 3784 32
658 3731 738 3799 pons]
757 3731 805 3799 qui
823 3749 897 3786 nunc
915 3732 1040 3800 lapideus
1060 3739 1101 3788 est
1120 3752 1215 3789 romae
1234 3737 1263 3788 in

162 3825 278 3879 tiberim
296 3826 391 3896 inquit
404 3830 431 3880 te
446 3827 600 3897 praecipita
655 3829 689 3881 70
708 3827 838 3897 Subligar
851 3829 954 3883 dicitur
974 3847 1029 3898 quo
1046 3831 1203 3900 religantur
1222 3833 1263 3885 in·

164 3921 250 3992 guina
268 3922 506 3989 pantomimorum
575 3924 610 3977 83
629 3924 776 3992 Proprium
797 3924 897 3978 ciuitas
917 3926 1011 3995 egypti
1030 3944 1081 3994 per
1100 3944 1184 3996 quam
1203 3932 1262 3982 tota

163 4034 228 4087 sepe
247 4024 382 4087 aegyptus
403 4018 577 4089 significatur
605 4020 727 4074 maxime
745 4021 819 4090 apud
839 4021 982 4076 Lucanum
1001 4019 1105 4092 (Vm,
1125 4027 1185 4091 184,
1199 4028 1262 4093 277,

163 4116 225 4181 499,
244 4113 297 4183 al.)
372 4116 423 4169 120
446 4116 609 4170 Rotundum
628 4118 772 4172 muliebris
799 4119 898 4188 capitis
917 4122 1117 4189 tegumentum.
1155 4121 1186 4174 In
1205 4139 1263 4175 mo·

164 4209 231 4263 dum
249 4211 346 4280 galeae
370 4215 482 4280 qualem
503 4214 606 4269 habere
625 4217 779 4270 mercurius
800 4217 962 4286 depingitur
984 4216 1058 4285 quod
1077 4218 1131 4272 alio
1150 4220 1263 4273 nomina

1047 4317 1062 4370 7
