2856 4906
184 1214 229 1279 lle
251 1211 384 1280 scholiis
407 1210 528 1278 codicis
549 1208 778 1294 Lugdunensis
800 1211 878 1278 bibl.
902 1212 988 1299 publ.
1011 1230 1061 1278 uo.
1085 1212 1135 1278 82.

209 1404 277 1467 lam
301 1400 476 1485 Stephau1)
501 1402 535 1464 in
557 1399 690 1464 scholiis
715 1400 868 1464 librorum
884 1400 1044 1465 Iuvenalis
1068 1399 1204 1464 deterio-

111 1533 180 1576 rum
202 1513 302 1576 lateue
331 1510 556 1575 adnotationes
582 1529 645 1573 uon
668 1508 970 1591 praetermittendas
992 1509 1088 1588 vidit3
1119 1507 1204 1592 quod

111 1641 208 1703 quam
238 1627 324 1686 recte
347 1621 390 1685 sit
418 1619 592 1684 iudicatum
621 1638 690 1683 cum
714 1619 930 1701 pervolutanti
953 1618 1032 1682 mihi
1062 1618 1205 1684 codicem

110 1730 301 1796 Leidensem
326 1750 376 1794 uo.
399 1730 449 1805 82,
483 1748 577 1810 quem
608 1728 780 1811 praecipue
805 1727 922 1810 respici
953 1728 1008 1793 ille
1035 1727 1206 1808 volebam),

110 1841 214 1924 magis
248 1841 415 1922 magisque
448 1838 642 1921 apparuerit,
681 1858 744 1901 nou
775 1838 936 1920 ingratum
968 1858 1018 1902 me
1048 1838 1205 1904 facturum
1264 1845 1266 1848 ’

110 1969 216 2033 spero,
250 1951 277 2015 si
304 1947 435 2014 scholiis
466 1948 560 2013 huius
584 1949 790 2014 membranae
823 1949 864 2012 ab
892 1947 947 2012 illo
974 1947 1055 2014 iuris
1083 1948 1206 2032 publici

110 2060 206 2126 lactis
229 2060 304 2138 alia,
338 2079 422 2142 quae
445 2059 525 2123 mihi
547 2079 609 2123 non
641 2060 758 2138 nullius
780 2057 876 2140 pretii
898 2058 1099 2141 videbantur,
1132 2059 1205 2123 sub-

109 2189 251 2252 iungam.

210 2303 230 2364 Ι,
250 2303 266 2356 5
285 2303 388 2372 (plausa
407 2302 604 2370 interlinearis)
621 2301 759 2372 Telephus
772 2320 821 2355 rex
835 2302 930 2355 misiae
950 2318 1061 2354 acerua
1080 2301 1204 2354 nutritus

110 2399 229 2454 herculis
248 2407 276 2453 et
299 2401 378 2470 augis
397 2398 471 2453 filius
491 2399 545 2453 luit
619 2401 652 2453 12
671 2401 777 2454 Fronto
801 2401 854 2453 iste
874 2401 921 2453 illo
947 2405 1072 2468 tempore
1094 2398 1204 2452 nobilis·

110 2497 193 2550 simus
216 2497 270 2551 fuit
295 2497 369 2566 apud
395 2515 477 2566 quem
500 2498 657 2550 recitabant
680 2502 805 2566 poetae.
827 2540 832 2550 .
854 2540 859 2549 .
933 2498 968 2550 20
986 2498 1040 2550 Per
1062 2497 1204 2550 alumnum

110 2610 230 2648 aurunee
244 2594 353 2647 lucilius
368 2592 550 2662 significatur,
569 2595 617 2662 qui
630 2594 684 2647 fuit
702 2595 813 2648 italicus
830 2599 858 2647 et
873 2594 987 2647 satiram
1001 2593 1120 2662 scripsit.
1139 2611 1204 2646 nam

110 2691 226 2744 aurunci
246 2691 313 2744 dicti
333 2695 396 2743 suut
417 2691 514 2758 populi
535 2691 721 2759 antiquissimi
738 2692 823 2746 italie.

208 2787 243 2854 ΙΙ,
262 2787 297 2839 44
320 2786 452 2840 Scantius
478 2787 540 2853 (sic)
568 2788 613 2841 lex
641 2793 758 2842 uocatur
786 2807 802 2842 a
829 2789 964 2843 scantiuio
992 2792 1105 2841 auctore
1134 2803 1205 2854 quae

108 2882 280 2950 dampuabat
300 2882 438 2936 adulteria
466 2885 591 2935 uirorum
611 2887 722 2937 tautum
746 2886 818 2939 sicut
842 2885 910 2938 iulia
929 2885 1077 2938 mulierum
1095 2888 1205 2937 tautum

108 2978 143 3033 92
162 2978 250 3032 Bahte
272 2980 368 3032 molles
393 2996 448 3046 quo
468 2980 551 3032 titulo
576 2982 690 3047 eupolus
712 2980 773 3048 (sic)
801 2981 952 3034 comediam
971 2981 1083 3048 scripsit
1102 2981 1130 3034 in
1150 2998 1204 3047 qua

108 3075 216 3129 inducit
235 3076 408 3129 athenienses
483 3077 534 3128 100
554 3076 613 3129 Hoc
637 3077 781 3130 emisticou
800 3081 941 3145 sumptum
966 3081 1008 3130 est
1031 3077 1064 3130 de
1090 3078 1204 3146 uirgilio

109 3171 194 3239 (Aen.
215 3172 288 3240 XII,
308 3172 358 3240 94>
379 3171 488 3225 Turnus
510 3173 639 3241 gestabat
657 3173 764 3226 hastam
785 3174 818 3226 de
842 3192 896 3242 qua
915 3174 1018 3226 dicitur
1038 3175 1141 3227 actoris
1158 3193 1204 3227 au·

108 3267 187 3320 runci
211 3268 331 3335 spolium
406 3269 457 3321 170
483 3269 565 3321 artai}
590 3269 662 3321 Urbs
682 3275 723 3322 est
742 3271 939 3322 armeniorum.
965 3274 1093 3323 artaxata
1117 3288 1204 3339 genus

108 3364 193 3417 uestis
214 3365 367 3433 peregrine.

208 3451 255 3520 ΙΙΙ,
274 3453 521 3520 aequimanum
540 3472 568 3506 se
587 3459 619 3506 ut
643 3459 768 3507 mortuos
796 3459 910 3523 portent
930 3454 973 3508 uel
993 3460 1026 3508 ut
1043 3456 1203 3525 uispillones

107 3547 290 3603 aefiiciantur.
320 3549 481 3618 uispillones
501 3554 565 3603 sunt
585 3552 632 3618 qui
652 3568 768 3619 corpora
788 3557 961 3604 mortuorum
978 3552 1013 3606 ad
1032 3555 1203 3621 sepulturam

107 3644 238 3700 deferunt
261 3647 332 3699 sicut
349 3646 530 3714 pollinctores
550 3649 598 3717 qui
617 3649 734 3701 abluunt
753 3648 798 3701 uel
816 3653 978 3719 perungunt
1050 3652 1084 3704 07
1104 3650 1203 3704 Sensus

108 3749 150 3797 est
169 3761 231 3798 ecce
249 3743 341 3812 iuquit
360 3748 422 3797 otu
441 3762 555 3798 romane
574 3746 676 3798 rustice
695 3746 737 3798 tui
757 3745 915 3798 didicerunt
933 3747 1069 3800 luxuriari
1089 3752 1117 3800 et
1129 3748 1203 3816 pale·

106 3844 171 3894 stris
199 3842 241 3894 uti
267 3845 295 3895 et
321 3841 493 3910 philacteriis
518 3846 550 3894 ut
573 3860 655 3911 greca
689 3842 872 3896 dissolucione
897 3847 1044 3911 raptentur
1068 3845 1103 3896 ad
1130 3846 1203 3898 uicia

207 4067 233 4133 1)
253 4066 282 4118 in
304 4065 506 4132 dissertatione,
535 4083 618 4134 quam
643 4066 807 4133 conscripsit
830 4066 864 4119 de
887 4066 1045 4119 Pithoeanis
1072 4067 1100 4118 iu
1124 4067 1202 4120 Iuve-

106 4163 197 4216 nalem
216 4161 337 4216 scholiis.
374 4162 488 4216 Bonnae
508 4163 584 4216 1882.

206 4259 233 4324 a)
252 4259 269 4314 1.
290 4260 308 4312 1.
328 4277 354 4328 p.
375 4260 417 4314 uc.
