2856 4906
745 340 780 397 96

214 520 265 574 108
283 515 409 573 Trullam
424 536 536 572 auream
549 536 647 572 sonum
666 519 734 573 dicit
753 520 860 573 uentris
874 524 901 573 et
918 523 1027 588 partem
1046 517 1193 574 obscenam
1212 514 1310 573 diuitis

213 615 359 684 hominis1)
433 616 485 669 115
504 616 605 669 Abolla
629 634 716 685 genus
737 617 822 670 uestis
841 621 902 670 erat
921 635 976 685 qua
993 617 1100 670 nobiles
1120 621 1149 670 01
1167 620 1310 670 senatores

214 713 365 765 utebantur
385 719 413 765 01
429 712 475 765 hic
495 729 546 781 pro
566 712 749 765 nobilioribus
769 713 893 781 personis
910 713 1003 780 posuit
1022 717 1054 766 ut
1067 713 1090 765 si
1109 711 1214 766 diceret
1232 729 1310 765 sanc·

213 809 292 863 110110
319 808 513 878 philosophiae
596 809 648 862 1⁶29
676 808 761 878 orbis]
784 809 802 862 i.
831 810 942 879 populis
970 810 1031 878 (sic)
1059 809 1117 862 sine
1144 809 1309 877 parentibus

213 906 256 959 Ex
276 907 360 975 longo
381 906 428 974 qui
449 909 564 974 propter
576 905 694 958 tutelam
712 906 850 974 praetoris
870 906 990 975 uigilant
1002 906 1127 974 quamvis
1147 922 1193 959 eos
1212 909 1310 974 pretor

212 1007 380 1056 contemnat.
422 1003 541 1055 Praetor
564 1003 643 1069 quasi
666 1003 775 1070 paritor
801 1004 820 1056 i.
846 1003 929 1056 dun¹
984 1003 1035 1057 136
1060 1002 1093 1056 ld
1116 1007 1159 1056 ost
1180 1003 1215 1056 (10
1241 1003 1310 1055 sella

213 1116 262 1151 sua
289 1098 426 1152 abducere
452 1099 591 1152 cunctaris
617 1116 678 1152 earn
699 1117 769 1167 quae
797 1100 852 1153 iam
879 1100 914 1152 ab
939 1100 996 1153 alto
1024 1104 1066 1153 est
1090 1099 1236 1153 conducta.
1277 1098 1309 1150 In

212 1196 287 1249 sellis
306 1196 379 1250 enim
398 1201 529 1264 prostant
548 1197 621 1250 unde
641 1201 669 1250 et
685 1197 811 1251 saltariae
830 1197 920 1252 dictae
934 1201 999 1250 sunt
1075 1196 1125 1250 137
1144 1212 1182 1264 sq.
1204 1194 1308 1264 Scipio-

212 1310 275 1346 nem
285 1293 407 1347 nasicam
422 1293 497 1359 dicit,
517 1293 594 1346 cuius
606 1293 708 1347 donum
726 1292 785 1364 (sic)
799 1298 889 1348 mater
902 1294 982 1347 deum
996 1294 1109 1363 dignam
1122 1310 1171 1347 suo
1183 1292 1309 1361 hospicio

212 1389 356 1459 iudicauit,
376 1390 463 1443 donec
482 1389 507 1443 ei
526 1392 661 1460 templum
680 1390 768 1445 fieret.
807 1391 930 1460 Appium
949 1391 1089 1444 claudium
1108 1389 1177 1443 dicit
1196 1389 1245 1457 qui
1267 1406 1308 1442 ar-

212 1487 323 1542 dentem
343 1488 447 1556 templo
467 1492 562 1542 uastae
575 1489 714 1558 palladem
734 1489 838 1558 eripuit
851 1493 979 1557 precatus
998 1488 1079 1542 deam
1097 1492 1130 1540 ut
1148 1487 1172 1541 si
1191 1486 1310 1540 uidisset

212 1590 261 1640 aut
288 1585 426 1655 tetigisset
449 1585 524 1652 quod
551 1604 607 1641 non
631 1587 733 1641 licebat
762 1587 816 1640 sibi
843 1585 939 1654 pocius
967 1602 1051 1652 quam
1078 1585 1142 1638 urbi
1170 1585 1308 1639 redderet.

212 1684 310 1751 ltaque
338 1682 458 1736 liberata
485 1682 595 1751 pallade
623 1684 681 1752 ipse
710 1687 824 1737 necatus
852 1688 894 1737 est
966 1681 1064 1753 174171),
1087 1683 1171 1751 Apud
1200 1687 1309 1737 ueteres

212 1779 266 1832 nisi
290 1779 318 1831 in
337 1778 391 1832 fine
411 1778 539 1833 ludorum
559 1797 615 1833 non
638 1780 763 1834 intrabat
782 1780 856 1848 quod
875 1780 1023 1834 ridiculum
1046 1780 1128 1834 forst.
1166 1779 1309 1833 Exodium

212 1875 314 1930 dicitur
341 1876 486 1931 inchoaeio
514 1877 676 1931 cantilenae.
717 1878 781 1932 huic
808 1878 959 1932 exordiarii
987 1877 1118 1931 dicuntur
1146 1877 1195 1945 qui
1223 1877 1308 1946 primi

211 1974 329 2042 psallere
354 1974 487 2028 inchoant
564 1975 614 2028 178
639 1974 816 2030 Orchestram
842 1993 894 2043 pro
919 1975 1059 2029 nobilibus
1087 1974 1188 2044 posuit.
1235 1973 1308 2027 Nam

211 2071 353 2125 orchestra
372 2071 517 2125 dicebatur
536 2071 611 2124 locus
632 2077 776 2141 separatus
795 2073 823 2126 in
842 2090 922 2127 scena
941 2072 969 2125 in
989 2090 1044 2140 quo
1064 2075 1144 2127 erant
1165 2075 1308 2126 senatores

212 2171 241 2219 01
258 2165 397 2234 principes
418 2206 424 2218 .
445 2207 450 2218 .
469 2207 475 2218 .
499 2165 553 2218 Per
570 2166 740 2220 orchestram
758 2167 892 2221 maiorem
911 2168 1079 2236 dignitatem
1100 2169 1162 2222 uult
1179 2168 1307 2239 intellegi

212 2263 344 2331 quoniam
356 2263 386 2316 in
397 2263 451 2317 hoc
463 2263 524 2317 loco
538 2267 649 2317 senatus
663 2268 809 2332 expectare
823 2265 893 2318 solet
931 2262 1013 2334 2142)
1028 2265 1096 2318 Cum
1114 2265 1212 2319 domus
1226 2266 1306 2320 ardet

211 2361 334 2427 potentis
353 2364 521 2413 nontamen
540 2360 651 2429 quando
676 2361 769 2430 perdit
788 2361 894 2430 aliquid
912 2380 1019 2432 pauper
1038 2363 1081 2416 uel
1100 2380 1168 2432 prae
1187 2362 1307 2417 tristicia

212 2457 241 2508 in
260 2457 342 2510 domo
361 2463 457 2513 nostra
476 2458 569 2512 focum
589 2458 701 2514 accendi
720 2477 776 2512 non
795 2459 917 2528 patimur
936 2461 1014 2528 quasi
1034 2460 1160 2530 lugentes
1224 2456 1306 2526 221⁸)

213 2551 352 2606 Orborum
371 2554 388 2607 i.
408 2556 587 2624 pupillorum.
606 2557 729 2625 persicus
754 2557 900 2627 proprium
925 2557 1025 2626 pupilli
1044 2556 1180 2627 elegantis
1206 2561 1235 2610 et
1259 2573 1307 2608 no·

211 2647 276 2702 bilis
298 2654 347 2702 aut
370 2655 444 2704 certe
472 2651 534 2705 ideo
559 2653 694 2721 persicum
724 2671 775 2722 pro
799 2654 886 2707 diuite
907 2654 1001 2723 posuit
1024 2653 1089 2721 quia
1113 2669 1210 2722 persae
1229 2652 1307 2706 ditis-

211 2745 272 2798 simi
291 2750 364 2800 sunt.
402 2746 538 2802 Horacius
558 2750 596 2819 (c.
615 2750 639 2812 Ι,
655 2750 748 2820 28,1>
768 2751 890 2821 persicos
909 2751 955 2805 odi
972 2767 1042 2819 puer
1060 2754 1211 2819 apparatus
1254 2749 1306 2803 283

210 2841 320 2910 Duplex
339 2848 406 2913 toga
429 2845 508 2898 rubei
528 2847 629 2900 coloris
648 2866 664 2902 a
682 2849 772 2917 grecis
797 2849 859 2902 lena
875 2854 917 2902 est
936 2848 1011 2902 dicta
1037 2852 1069 2900 ut
1087 2847 1216 2917 uirgilius
1233 2844 1272 2916 <1
1277 2846 1305 2906 V,

209 2937 284 3006 262>
303 2939 421 3008 urioque
440 2942 557 2996 ardebat
573 2944 678 2998 murice
698 2946 760 2998 lena
779 2945 853 3013 quod
873 2963 946 2999 nunc
966 2943 1156 3012 amphibolum
1176 2959 1306 2996 uocamus

209 3036 275 3088 olim
295 3036 401 3091 birrum
464 3041 516 3093 296
534 3040 685 3094 Proscukes
705 3041 801 3094 dicunt
819 3041 896 3111 greci
915 3058 1003 3094 orare.
1021 3040 1087 3094 hinc
1105 3055 1306 3106 proseucauo-

210 3135 289 3184 catur
308 3134 400 3186 casula
418 3140 572 3203 pauperum
597 3135 614 3187 i.
634 3151 759 3203 capanna
785 3135 812 3187 in
832 3152 887 3203 qua
907 3140 1051 3189 manentes
1075 3136 1176 3204 stipem
1195 3140 1306 3189 01101-

209 3225 350 3283 seuntibus
369 3234 476 3299 petunt.

309 3327 354 3388 lV,
375 3328 390 3380 9
411 3368 416 3379 .
440 3369 445 3380 .
467 3369 472 3380 .
493 3327 615 3382 Vestales
639 3333 732 3382 autem
752 3328 883 3397 uirgines.
919 3328 947 3382 Si
967 3329 1078 3397 quando
1098 3334 1227 3400 stuprum
1244 3349 1306 3402 per-

209 3426 365 3489 petrassent
384 3442 438 3477 non
458 3425 544 3478 libeat
564 3443 673 3479 sacrum
692 3443 792 3495 corpus
812 3443 906 3478 earum
925 3444 975 3480 nec
994 3427 1058 3496 igne
1078 3445 1128 3481 nec
1146 3427 1222 3482 ferro
1241 3446 1305 3483 con·

209 3518 291 3588 tingi,
310 3520 358 3571 sed
377 3521 458 3573 uiuae
472 3521 680 3574 infodiebantur
699 3527 727 3574 ct
747 3522 800 3576 hoe
817 3523 948 3591 estquod
967 3523 1036 3576 dicit
1054 3523 1181 3578 subitura
1200 3530 1304 3579 terram

209 3615 274 3668 uiuo
298 3617 432 3686 sanguine
504 3619 538 3671 23
558 3619 670 3687 Apitius
694 3619 749 3672 fuit
770 3620 862 3688 glutto
887 3619 1001 3688 quidam
1020 3663 1026 3674 .
1047 3662 1052 3673 .
1074 3663 1079 3674 .
1104 3626 1132 3675 et
1155 3622 1245 3676 multa
1270 3622 1304 3675 de

310 3860 336 3927 1)
354 3860 403 3926 cfr.
423 3859 528 3927 plossos
548 3876 565 3912 a
584 3860 620 3912 H.
641 3859 712 3927 Keil,
733 3861 817 3915 Halia
829 3863 860 3915 in
878 3861 936 3915 lad.
955 3861 1036 3916 schol.
1050 3865 1121 3915 1877
1140 3861 1237 3928 aditos,
1257 3861 1305 3916 ubi

204 3974 292 4026 paroc
309 3957 381 4011 idem
399 3957 504 4026 10911111.

308 4054 335 4122 1)
354 4054 403 4121 cfr.
422 4054 542 4122 Stephon
561 4055 577 4107 l.
597 4054 613 4107 l.
630 4070 676 4123 pp.
697 4058 734 4108 33
752 4055 816 4108 aaa„
835 4060 858 4108 1.

307 4152 335 4219 3)
354 4153 404 4219 cfr.
423 4151 513 4218 Steplr.
529 4155 609 4218 1151
627 4150 691 4204 aaa.
712 4154 736 4204 7.
774 4152 849 4205 Idem
872 4152 992 4206 scholion
1017 4153 1096 4206 etiem
1122 4153 1153 4207 ia
1171 4155 1198 4208 A
1224 4160 1250 4208 01
1273 4153 1303 4208 tn

208 4247 264 4300 cod.
285 4246 387 4316 Oenip„
407 4249 439 4302 de
458 4264 508 4316 qao
526 4248 569 4302 od.
593 4247 725 4317 Ziaperla
746 4249 846 4303 chiac
862 4249 956 4319 philol.
977 4250 1114 4305 Abbandl.
1134 4251 1185 4305 IV
1195 4267 1244 4321 pp.
1261 4257 1302 4307 11.
